1403 2492
175 80 220 116 84
506 80 620 113 Pssrm
644 81 819 115 nimus
843 81 974 116 Hor-:Tu

175 181 209 204 et
233 171 389 205 decidere
414 180 527 216 potest
551 172 643 217 quod
668 172 801 205 accidit.
812 186 828 201 «
864 173 993 215 insigne
1018 172 1118 205 etiam
1144 183 1193 207 est
1218 175 1309 219 quod

175 234 221 267 ait
246 234 320 267 libr.
347 234 408 266 ΙΙΙ.
435 235 519 278 περὶ
540 233 676 279 ἀρχῶν,
702 247 774 279 cap.
798 233 832 268 2.
865 247 957 269 num.
982 234 1033 274 5.,
1064 244 1216 268 naturam
1249 236 1312 268 hu-

173 308 305 328 manain
331 296 506 330 contrariis
530 296 754 341 potestatibus
778 296 887 329 obniti
902 296 1041 341 propria
1059 297 1091 329 vi
1115 297 1309 342 neutiquam

172 371 284 403 posse,
309 367 340 391 at
367 358 432 392 Dei
457 358 630 391 subnixam
655 358 780 391 auxilio
806 358 952 403 impetus
975 358 1112 391 illarum
1132 358 1232 391 facile
1258 372 1312 390 ex-

171 420 317 453 sufflare.
365 421 443 453 Non
478 421 587 454 minus
617 421 673 466 pic
707 421 748 453 de
781 421 884 463 gratia
915 420 1028 453 divina
1053 420 1186 454 disserit
1210 421 1310 454 Tom-

171 482 205 515 in
229 483 353 516 Psalm.
378 483 435 516 lv.
464 482 515 518 01}
547 482 666 528 μόνον
700 487 826 517 τοίνυν
851 484 900 522 εἰς
924 482 964 516 τὸ
989 481 1104 517 καλὸν
1128 485 1187 516 καὶ
1214 481 1311 527 (ἔγα-

169 543 242 580 θὸν
265 548 436 590 γενέσθαι
459 549 566 591 χρεία
598 547 659 579 καὶ
689 547 749 588 τῆς
772 546 1017 592 προαιρέσεως
1038 545 1101 587 τῆς
1122 542 1308 589 ἡμετέρας,

170 608 232 641 καὶ
255 608 316 650 τῆς
342 611 443 645 θείας
466 611 684 652 συμπνοίας,
713 607 783 651 ἥτις
803 608 902 642 ἐστὶν
915 605 961 646 ὡς
977 605 1067 653 πρὸς
1080 604 1177 652 ἡμᾶς
1189 606 1309 654 ἀπρο-

168 673 324 715 αίρειος·
356 668 448 703 ἀλλὰ
475 671 535 703 καὶ
561 672 610 708 εἷς
634 668 673 704 τὸ
698 663 901 714 γενόμενον
923 668 1037 704 καλὸν
1061 671 1123 703 καὶ
1148 666 1307 713 ἀγαθὸν,

168 731 354 776 διαμεῖναι
381 731 421 765 ἒν
444 733 484 780 τῇ
508 731 627 779 ἀρετῇ.
675 731 744 764 Ubi
779 744 847 763 non
878 732 921 764 ad
952 731 1163 764 retinendam
1195 731 1307 764 solum

166 791 348 832 virtutem,
382 793 441 825 sed
466 793 507 825 ad
534 794 770 838 capessendam
803 792 923 833 etiam,
955 793 1102 826 divinam
1129 805 1231 836 opem
1255 804 1308 824 re-

166 853 255 899 quiri
281 855 394 887 docet.
440 855 485 888 Et
516 856 647 889 Homil.
673 855 729 888 lV.
764 855 797 887 in
813 855 948 888 Psalm.
975 853 1134 887 XXXVI.
1158 867 1249 887 num.
1273 853 1306 888 2.

167 916 296 949 »Vides
333 929 430 958 erge,
468 917 546 962 quia
588 917 731 950 Domini
771 930 907 962 semper
942 915 1067 949 auxilio
1105 915 1306 957 indigemus,

162 977 275 1023 primo
299 991 341 1011 ne
367 978 541 1020 cadamus3
565 990 637 1012 tum
663 977 799 1019 deinde,
823 979 925 1011 etiam
949 979 976 1011 si
1003 977 1243 1017 ceciderimus,
1267 986 1305 1010 ut

160 1052 407 1082 resurgamus«
459 1042 543 1073 Item
576 1041 676 1074 Tom.
701 1041 744 1074 X.
783 1040 818 1072 in
855 1040 975 1074 Matth.
1007 1052 1099 1073 num.
1128 1039 1161 1074 6.
1203 1040 1305 1071 docet

161 1114 237 1142 eos,
270 1102 328 1146 qui
359 1102 504 1136 dimissis
543 1103 759 1135 facultatibus
788 1102 864 1139 (suis
896 1101 1066 1136 Christum
1105 1111 1304 1146 sequuntur,

159 1163 225 1195 hoc
251 1164 431 1196 consilium
456 1164 634 1197 auxiliante
666 1165 743 1196 Deo
778 1163 975 1208 suscepisse.
1029 1163 1087 1197 Sic
1118 1176 1199 1195 vero
1224 1162 1305 1195 scri-

160 1225 210 1258 bit
234 1225 347 1258 Tract.
371 1226 516 1260 XXXV.
541 1227 575 1259 in
600 1226 723 1260 Matth.
748 1239 840 1259 num.
864 1225 918 1260 88.
969 1226 1063 1258 »Per
1092 1224 1158 1257 hoc
1188 1234 1301 1257 autem

159 1287 376 1328 instruimur,
401 1297 439 1321 ut
463 1300 637 1333 nunquam
669 1288 740 1320 sine
767 1287 1040 1320 consideratione
1066 1287 1198 1332 aliquid
1222 1300 1302 1331 pro-

158 1349 331 1382 mittamus
355 1363 457 1395 super
480 1349 714 1382 habitudinem
739 1359 889 1382 nostram
910 1350 1099 1389 humanam,
1125 1350 1219 1394 quasi
1243 1349 1301 1396 qui

159 1412 329 1444 valeamus
355 1412 481 1445 Christi
504 1412 649 1457 implere
676 1411 926 1444 confessionem
953 1424 991 1443 ex
1015 1411 1133 1452 nobis,
1158 1422 1216 1444 aut
1238 1412 1300 1445 ali-

158 1473 241 1518 quid
264 1483 528 1518 praeceptorum
552 1473 666 1515 Dei;«
699 1483 771 1506 tum
798 1474 860 1513 ait,
892 1472 1047 1505 debuisse
1071 1473 1211 1506 Petrum
1236 1487 1299 1519 po-

156 1535 281 1568 stulare
306 1547 323 1567 a
348 1535 426 1567 Deo
451 1535 602 1578 gratiam,
629 1544 668 1568 ut.
699 1534 928 1568 offensionem
959 1534 1062 1580 passis
1098 1535 1224 1569 Christi
1249 1536 1300 1568 di-

154 1597 312 1642 scipulis,
343 1597 416 1642 ipse
448 1609 518 1630 non
541 1606 724 1643 pateretur.
775 1596 865 1642 Δι’)
900 1597 1080 1630 credidisse
1114 1596 1297 1640 Origenem

250 1722 282 1767 ¹)
310 1721 412 1754 Certe
441 1719 688 1767 praevenientis
714 1719 836 1762 gratiae
868 1720 1103 1753 necessitatem
1127 1721 1169 1753 ad
1195 1733 1293 1752 oran-

153 1779 251 1818 dum,
292 1777 426 1811 disertis
465 1778 575 1810 verbis
606 1778 710 1809 tradit
748 1777 912 1820 Origenes
948 1777 1007 1810 lib.
1045 1777 1086 1809 de
1128 1776 1293 1809 Oratione

150 1848 242 1867 num.
258 1834 290 1868 2.
322 1833 415 1869 Οὖδὲ
441 1834 513 1881 γὰρ
539 1834 691 1868 δύναται
720 1831 826 1878 ἡμῶν
851 1832 869 1868 ὁ
896 1835 981 1871 νοῦς
1006 1831 1290 1876 προσεύξασθαι,

150 1891 216 1927 ἐὰν
245 1889 296 1934 μή
331 1889 402 1937 πρὸ
438 1891 550 1925 αὐτοῦ
582 1888 621 1925 τὸ
648 1891 794 1934 πνεῦμα
820 1888 1077 1933 προσεύξηται,
1115 1890 1228 1923 οἱονεὶ
1253 1889 1292 1923 ἐν

149 1945 300 1992 ὑπηκόῳ
327 1947 458 1982 αὐτοῦ·
492 1945 614 1990 ὥσπερ
650 1944 735 1979 οὐδὲ
769 1944 882 1987 ψάλια
917 1948 976 1979 καὶ
1011 1943 1206 1989 εὐρύθμως
1230 1949 1291 1978 καὶ

148 2005 312 2050 ἐμμελῶς
336 2007 397 2038 καὶ
423 2005 607 2050 ἐμμέτρως
630 2003 691 2036 καὶ
716 2000 924 2045 συμᾳώνως
941 1999 1098 2044 ὑμνῆσαι
1125 2000 1189 2036 τὸν
1215 2015 1289 2035 πα-

148 2064 230 2106 τέρα
257 2062 296 2095 ἐν
322 2063 482 2106 Χριστῷ,
509 2059 574 2094 ἐὰν
596 2058 648 2104 μὴ
673 2058 712 2093 τὸ
740 2060 886 2103 πνεῦμα
913 2057 950 2092 τὸ
976 2055 1095 2092 πάντα
1115 2059 1285 2103 ἐρευνῶν,

145 2119 208 2150 καὶ
234 2116 277 2150 τὰ
299 2115 398 2160 βάθη
425 2119 488 2151 τοῦ
514 2117 602 2151 θεοῦ
628 2116 659 2160 (l
686 2115 764 2149 Cor.
790 2115 835 2155 II,
862 2113 950 2158 10.).
984 2112 1162 2159 πρότερον
1187 2117 1287 2148 αἰνί-

146 2185 197 2208 σει
236 2175 296 2207 καὶ
336 2172 486 2216 ὑμνήσει
522 2174 586 2207 τοῦ
621 2174 686 2206 νοῦ
722 2171 763 2205 τὰ
796 2169 894 2214 βάθη
930 2169 1118 2215 ἠρεύνηκε,
1152 2174 1210 2204 καὶ
1240 2170 1287 2209 ὡς

143 2230 305 2274 ἐξίσχυσε
331 2232 497 2274 mitellam
509 2242 558 2264 εν.
586 2229 625 2261 R.
654 2249 691 2253 --
732 2228 800 2261 Cfr.
835 2228 886 2261 ed.
918 2237 1020 2261 nostr.
1051 2227 1150 2259 Tom.
1175 2226 1284 2259 XVII.

142 2298 213 2329 pag.
240 2284 293 2319 91.
