1403 2492
198 115 264 153 114
531 117 645 153 Pss’rm
669 118 842 154 Dmnms
867 120 1000 154 Hom-n

198 206 298 241 habet
321 206 499 242 Jansenius
529 222 629 255 supra
659 210 794 244 laudato
829 211 927 251 loco,
957 211 992 243 in
1025 223 1078 256 ep.
1103 210 1157 245 49.
1188 211 1230 244 ad
1254 211 1331 244 Deo

199 269 330 312 gratias,
355 280 482 315 quaest.
506 271 537 306 2.
563 272 674 311 docet,
710 282 816 305 »tunc
840 272 987 305 voluisse
1012 272 1206 305 hominibus
1229 285 1332 317 appa-

198 344 272 364 rere
299 331 488 378 Christum,
529 343 562 367 et
593 335 683 379 apud
716 347 773 367 eos
804 333 993 379 praedicari
1017 333 1204 367 doctrinam
1228 347 1334 374 suam,

199 394 336 438 quando
359 395 501 435 sciebat,
531 405 564 428 et
596 396 654 428 ubi
678 395 803 428 sciebat
827 409 916 436 esse,
948 396 1007 441 qui
1038 395 1071 428 in
1105 409 1177 428 eam
1201 396 1334 429 fuerant

198 455 406 490 credituriz«
434 467 467 490 et
489 457 662 502 aliquanto
686 467 781 502 post:
809 457 932 501 »Quid
957 471 1036 500 ergo
1055 457 1190 497 mirum,
1213 458 1240 490 si
1265 467 1332 489 tam

197 517 392 552 infidelibus
429 520 568 564 pienum
613 521 732 552 orbem
771 529 935 552 terrarum
977 519 1127 553 Christus
1163 519 1333 564 prioribus

198 580 341 614 saeculis
364 591 520 622 noverat,
557 591 595 614 ut
619 582 658 614 iis
683 595 865 626 apparere,
905 580 957 615 vel
987 581 1175 626 praedicari
1209 581 1332 613 merito

197 642 316 682 nollet,
341 656 426 688 quos
449 656 512 676 nec
538 645 657 683 verbis,
682 657 743 676 nec
766 643 935 676 miraculis
960 643 1026 676 suis
1051 643 1239 676 credituros
1263 655 1334 676 csse

196 704 455 748 praesciebat?«
489 715 524 739 et
559 707 823 752 Chrysostomo‚
858 705 916 750 qui
949 705 1058 738 Serm.
1086 706 1140 739 lV.
1171 705 1205 738 in
1237 705 1335 750 epist.

198 766 239 799 ad
259 766 390 800 coloss.
416 768 458 800 ad
483 781 564 802 vers.
577 768 632 802 25.
657 769 704 801 sic
725 769 841 801 habet:
864 767 901 802 Ὁ
917 767 990 814 γὰρ
1008 767 1092 807 θεὸς
1109 767 1174 802 οὐκ
1191 766 1335 813 ἀθρόως

199 826 321 863 πάντα
344 833 454 873 ποιεῖ,
481 828 573 864 ἀλλὰ
599 834 760 876 κέχρηται
789 828 1058 879 σιιιγκαταβτὶσει
1074 828 1138 864 διὰ
1154 829 1221 873 τήν
1236 834 1332 864 πο).-

198 889 266 934 λὴν
290 890 401 926 αὐτοῦ
427 895 726 938 φιλανθρωπίαν.
775 895 849 927 Καὶ
883 893 989 927 τοῦτο
1027 894 1146 927 αἴτιον
1175 894 1238 927 τοῦ
1264 895 1333 927 νῦν

197 957 475 999 παραγενέσθαι.
498 953 563 989 τὸν
588 953 760 998 Χριστὸν,
791 953 881 990 ἀλλὰ
905 953 956 997 μὴ
982 952 1109 988 πάλαι.
1150 953 1255 998 Quod
1280 955 1334 987 su-

195 1013 263 1048 sius
289 1015 422 1048 disserit
446 1016 479 1048 in
504 1016 570 1049 fine
594 1017 764 1049 Homiliae
789 1016 955 1062 ejusdem:
980 1025 1014 1048 et
1037 1016 1192 1056 Sedulio,
1217 1016 1276 1061 qui
1299 1016 1334 1049 in

197 1077 339 1111 Roman.
365 1079 458 1118 VIII,
482 1078 536 1113 28.
562 1079 776 1124 propositum
802 1079 887 1111 illud
911 1078 978 1111 Dei
1001 1078 1050 1110 ibi
1074 1078 1332 1120 intelligendum

193 1152 266 1191 esse
289 1140 393 1180 dicit,
426 1141 638 1173 »secundum
669 1142 761 1185 quod
793 1140 975 1185 proposuit
1003 1141 1129 1173 salvare
1159 1140 1231 1173 sola
1255 1140 1333 1180 fide,

197 1214 283 1247 quos
306 1202 509 1246 praescierat
532 1202 733 1235 credituros.
744 1215 760 1230 «
810 1201 908 1235 Ferri
940 1202 1042 1235 etiam
1066 1211 1202 1247 posset,
1238 1203 1332 1248 quod

194 1263 290 1297 addit
315 1264 489 1307 Origenes,
513 1277 584 1304 non
608 1278 646 1296 ex
670 1266 742 1297 sola
769 1264 835 1297 Dei
860 1264 1033 1297 voluntate
1057 1264 1331 1311 justificationem

194 1336 344 1359 nostram
368 1328 536 1371 pendere,
566 1339 675 1371 neque
707 1327 849 1360 salutem
880 1327 923 1359 de
958 1324 1071 1359 nostra
1102 1326 1236 1370 penitus
1261 1339 1331 1359 esse

195 1397 364 1434 potestate
387 1389 572 1430 sublatam;
596 1402 672 1420 nam
698 1389 820 1430 gratiae
844 1388 1090 1435 justificationis
1116 1388 1221 1421 libere
1249 1401 1329 1420 con-

193 1451 295 1484 sentit
319 1451 434 1491 homo,
458 1463 476 1482 a
501 1463 566 1495 qua
591 1450 764 1482 dissentire
789 1459 918 1495 potest3
942 1460 974 1483 et
997 1450 1138 1482 salutem
1157 1459 1329 1483 aeternam

193 1512 422 1546 dissentiendo
456 1522 570 1557 potest
598 1512 768 1552 amittere,
801 1512 888 1557 juxta
919 1511 1162 1555 T1-idcntina¹)
1194 1512 1329 1556 placita.

193 1577 321 1608 Verum
357 1575 574 1608 commodam
614 1587 751 1607 omnem
794 1573 1110 1619 interpretationem
1142 1574 1330 1607 'excludunt

194 1650 279 1682 quae
304 1637 447 1682 apponit
471 1636 652 1679 Origenes:
688 1650 779 1669 »non
805 1636 837 1668 in
862 1635 1082 1681 praescientia
1106 1635 1172 1668 Dei
1198 1635 1329 1668 unicui-

193 1713 258 1745 que
282 1699 397 1732 salutis
414 1712 561 1732 caussam
579 1698 673 1744 poni,
697 1699 754 1730 sed
773 1699 805 1730 iu
820 1698 1001 1742 proposito
1025 1707 1057 1730 et
1073 1699 1201 1730 actibus
1215 1698 1295 1730 suis:
1307 1711 1325 1726 «

192 1763 376 1795 excludunt
409 1771 442 1794 et
471 1761 600 1806 reliqua
636 1759 826 1797 Adamantii
866 1759 1089 1804 praescripta,
1125 1760 1214 1792 unde
1246 1759 1326 1792 haec

191 1825 462 1870 proficiscuntur.
519 1824 602 1856 Jure
647 1835 785 1867 qnoque
828 1821 961 1854 Paulini
1000 1821 1086 1860 loci,
1126 1820 1182 1865 qui
1223 1831 1327 1854 exstat

191 1888 204 1922 l
231 1889 310 1922 Cor.
334 1888 413 1927 ΧΠ,
438 1884 503 1925 18,
528 1884 703 1930 proposita
728 1885 769 1916 ab
794 1883 951 1924 Origene,
976 1896 1043 1915 non
1068 1891 1189 1915 asserta
1212 1892 1323 1915 tamen

191 1952 232 1983 ab
259 1964 311 1990 eo,
334 1962 445 1994 neque
471 1947 608 1980 omnino
635 1947 775 1991 prob-'tta
805 1944 1005 1989 explicatiO,
1035 1954 1156 1990 utpote
1180 1946 1323 1978 absurda
1351 1974 1355 1978 .

191 2023 223 2046 et
248 2012 397 2045 violenta
420 2010 599 2044 refellitur.

284 2160 316 2204 ¹)
344 2159 413 2193 Cfr.
436 2156 588 2191 Trident.
615 2155 720 2189 Cone.
744 2154 830 2188 Sess.
856 2154 913 2187 VI.
940 2167 1010 2199 cap.
1035 2153 1067 2188 5.
1093 2162 1126 2186 et
1151 2153 1230 2187 Can.
1256 2154 1285 2188 4.
