1403 2492
419 48 731 82 Omossmtmonum
763 46 874 80 Limm
899 46 944 80 Π.
1151 46 1217 81 283

90 138 170 169 bum
197 147 244 169 est
268 137 485 170 nutritorium
510 137 712 175 animarum,
743 136 893 168 Verbum
927 135 967 167 de
999 134 1076 167 Deo
1102 136 1215 167 Verbo

89 199 290 243 procedens,
313 209 346 232 et
370 199 463 243 panis
488 199 528 231 dc
553 210 638 242 pane
665 197 834 236 coelesti,«
862 205 923 229 etc.
974 196 1036 229 Cui
1061 196 1218 229 consimi-

91 260 133 293 lia
158 260 307 305 reperire
333 270 378 293 est
405 259 532 293 Homil.
558 259 633 293 Vll.
658 258 691 291 in
716 258 852 290 Levitic.
884 271 974 290 num.
1001 259 1033 293 5.
1067 259 1106 290 ab
1132 258 1218 291 Her-

91 376 338 418 orcizabamini,
364 377 454 422 quasi
477 375 707 409 molebamini.
755 375 904 418 Quando
936 374 1096 419 baptizati
1130 375 1218 416 estis,

92 432 183 476 quasi
207 433 378 478 conspersi
403 432 489 466 estis.
537 432 683 475 Quando
702 431 839 475 spiritus
859 430 964 464 sancti
990 430 1099 472 ignem
1123 444 1219 463 acce-

91 488 196 533 pistis,
221 489 313 534 quasi
338 489 426 522 cocti
451 487 536 521 estis.
583 488 703 520 Estote
727 487 820 532 quod
845 486 980 527 videtis,
1012 496 1045 519 et
1075 487 1219 531 accipite

91 545 185 589 quod
209 545 296 578 estis.
344 545 419 578 Hoc
446 543 627 588 Apostolus
660 543 701 575 de
725 556 811 587 pane
836 543 932 577 dixit.
980 543 1057 575 Jam
1091 544 1134 576 de
1165 556 1219 576 ca-

91 601 154 633 lice
179 600 259 645 quid
283 600 558 642 intelligeremus,
582 598 683 631 etiam
707 612 775 631 non
799 599 940 640 dictum,
961 599 1038 631 satis
1059 599 1219 632 ostendit.

92 656 187 689 Sicut
212 657 299 689 enim
323 666 360 690 ut
384 657 425 688 sit
448 655 576 699 species
613 655 752 688 visibilis
775 654 888 700 panis,
916 655 1024 688 multa
1054 669 1154 698 grana
1184 656 1219 688 in

90 724 194 744 unum
220 720 500 757 consperguntur,
523 721 681 756 tanquam
706 711 792 744 illud
816 712 892 751 fiat,
921 712 1014 756 quod
1044 713 1086 744 de
1110 712 1220 744 fideli-

91 768 152 800 bus
175 767 221 800 ait
244 768 418 812 Scriptura
441 777 599 801 sanctam
630 768 753 800 »»Erat
776 767 844 800 illis
868 767 976 800 anima
1000 781 1076 808 una,
1102 777 1136 801 et
1160 781 1220 800 cor

91 836 196 856 unum
219 824 254 856 in
276 825 459 857 Deum:««
494 824 582 868 (Cfr.
607 825 682 856 Act.
707 825 765 864 lV,
789 823 860 867 32.)
899 823 964 856 »sic
997 832 1029 856 et
1060 824 1102 856 de
1126 823 1219 857 vino.

89 878 221 912 Fratres
251 880 393 912 recolite
427 881 516 912 unde
549 880 587 912 fit
618 880 742 912 vinum.
798 880 910 912 Grana
941 879 1048 911 multa
1070 879 1221 923 pendent

90 935 131 967 ad
154 937 303 975 botrum,
327 937 385 968 sed
413 936 527 980 liquor
554 949 735 979 granorum
766 936 801 968 in
832 937 959 968 unitate
991 935 1220 968 confunditur.

90 991 140 1023 Ita
164 1000 197 1024 et
220 991 391 1025 Dominus
417 992 567 1025 Christus
589 1005 652 1025 nos
675 991 883 1035 significavit,
907 1005 968 1024 nos
993 992 1035 1024 ad
1058 1005 1092 1024 se
1116 993 1222 1036 perti-

89 1058 169 1079 nere
201 1047 324 1080 voluit:
357 1048 551 1094 mysterium
583 1049 675 1093 pacis
707 1057 739 1081 et
765 1048 901 1080 unitatis
933 1057 1066 1080 nostrae
1099 1047 1134 1080 in
1162 1061 1221 1080 sua

91 1115 204 1135 mensa
229 1104 465 1137 consecravit.«
514 1105 591 1136 Hoc
614 1113 742 1136 tantum
769 1104 936 1136 disserunt
960 1103 1163 1145 Augustinus
1189 1113 1221 1136 et

92 1158 272 1199 Origenes,
313 1160 405 1203 quod
445 1161 531 1192 alter
569 1160 788 1206 symbolicam
818 1159 968 1205 mysterii
1002 1159 1223 1192 Eucharistici

90 1215 369 1257 significationem
404 1216 444 1248 ad
476 1216 640 1249 unitatem
677 1216 831 1248 fidelium
864 1216 897 1248 in
932 1228 1000 1247 uno
1032 1217 1222 1260 eodemque

94 1271 217 1305 Christi
241 1285 385 1316 corpore
410 1272 570 1318 mystico,
601 1274 686 1304 alter
715 1284 796 1304 vero
822 1272 863 1303 ad
894 1272 1034 1303 verbum
1065 1272 1133 1304 Dei
1165 1273 1223 1305 de-

92 1327 214 1360 flectat.
261 1328 413 1372 Uterque
438 1328 543 1372 ipsam
569 1329 775 1361 Sacramenti
808 1337 960 1359 naturam
992 1327 1149 1361 fidelibus
1173 1341 1224 1361 sa-

92 1383 135 1416 tis
163 1394 279 1417 notam
310 1397 378 1417 non
412 1384 474 1417 nisi
505 1384 625 1416 leviter
654 1393 686 1416 et
719 1384 811 1428 quasi
842 1383 877 1415 in
909 1384 1048 1416 transitu
1079 1384 1223 1426 attingit,

92 1439 190 1472 unice
214 1450 359 1473 attentus
383 1441 425 1474 ad
448 1440 603 1486 mysticas
624 1440 772 1472 rationes
796 1439 1002 1483 aperiendas.
1041 1440 1102 1472 His
1127 1454 1225 1484 prae-

91 1495 210 1537 missis,
235 1497 317 1541 quid
339 1497 380 1529 ad
406 1509 537 1529 causam
562 1509 655 1529 suam
688 1496 951 1528 confirmandam
989 1509 1027 1528 ex
1059 1496 1121 1528 hac
1146 1496 1224 1529 Ori-

91 1552 182 1594 genis
206 1553 366 1595 allegoria
391 1566 507 1585 eruere
533 1562 655 1597 queant
679 1552 908 1592 Heterodoxi,
932 1565 1000 1584 non
1027 1551 1139 1585 video.
1186 1553 1223 1585 Si

92 1608 182 1641 enim
204 1608 258 1641 hic
284 1610 480 1641 excludatur
510 1609 654 1653 quilibet
682 1622 796 1641 sensus
827 1618 962 1653 praeter
992 1608 1224 1650 allegoricum,

94 1666 284 1698 excluditur
306 1666 463 1709 profecto
490 1664 705 1697 Calvinianus
727 1666 767 1697 de
786 1665 901 1706 figura,
928 1674 1020 1710 typO,
1044 1664 1166 1696 virtute
1192 1674 1223 1697 et

94 1722 242 1755 efficacia
268 1722 420 1765 corporis
445 1721 579 1754 Christi.
626 1721 663 1754 Si
695 1733 776 1753 vero
807 1721 889 1753 alius
924 1720 1128 1764 supponitur
1151 1734 1225 1753 sen-

94 1791 158 1817 sus,
182 1777 299 1822 utique
323 1790 437 1809 sensus
463 1777 598 1809 literalis
625 1777 892 1817 Catholicorum,
917 1789 1017 1820 quem
1034 1776 1111 1808 satis
1136 1777 1224 1808 clare

95 1832 251 1878 exprimit
275 1833 492 1865 Adamantius
517 1834 627 1867 verbis
652 1835 757 1866 modo
779 1833 905 1874 citati53
929 1845 997 1865 non
1014 1845 1128 1865 sensus
1148 1833 1225 1866 Cal-

95 1889 326 1929 vinianorum,
367 1890 458 1935 cujus
496 1890 544 1923 ibi
575 1905 617 1923 ne
657 1890 835 1922 minimum
868 1890 1005 1934 quidem
1038 1889 1223 1931 vestigium.

95 1946 210 1979 Alium
242 1960 347 1991 porro
378 1959 510 1979 sensum
543 1956 677 1991 praeter
710 1947 929 1988 allegoricum
963 1947 1004 1978 de
1028 1946 1133 1977 verbo
1158 1946 1225 1977 Dei

96 2002 268 2044 agnovisse
293 2003 474 2044 Origenem
505 2003 612 2047 liquet
644 2017 681 2036 ex
706 2003 835 2036 Homil.
861 2003 952 2035 XVI.
987 2002 1021 2033 in
1046 2003 1222 2034 Numeros.

99 2059 242 2092 „Bibere
267 2060 428 2099 dicimur,
460 2060 584 2104 inquit,
620 2060 813 2102 sanguinem
839 2058 979 2097 Christi,
1011 2071 1080 2090 non
1112 2058 1225 2090 solum

97 2117 390 2148 sacramentorum
416 2116 495 2160 ritu,
522 2117 579 2149 sed
606 2126 638 2148 et
662 2131 738 2149 cum
761 2128 931 2149 sermones
948 2114 1017 2159 ejus
1034 2113 1226 2158 recipimus,

98 2172 131 2203 in
158 2172 276 2216 quibus
301 2172 367 2204 vita
393 2173 562 2213 consistit,
586 2174 671 2206 sicut
698 2183 729 2205 ct
754 2173 825 2218 ipsc
851 2172 951 2204 dicit:
988 2171 1118 2202 »Verba
1143 2183 1226 2214 quac

100 2229 232 2260 loculus
257 2242 340 2267 sum,
366 2229 500 2273 spiritus
527 2241 557 2262 et
582 2230 646 2262 vita
670 2240 747 2263 esu«
777 2230 863 2273 (Csr.
881 2243 927 2262 cv.
943 2228 1062 2260 Joann.
1084 2226 1227 2269 VLGR)
