1403 2492
197 90 263 126 180
535 89 645 123 Pet-m
673 88 843 122 nameus
869 87 1000 122 Πυετιι

203 193 262 213 suo
291 192 327 213 ac
353 178 541 212 ministerio
568 192 585 212 e
610 178 750 212 diversis
768 177 933 212 Gentibus
948 183 1166 219 congregatos
1180 175 1222 209 ad
1236 175 1333 210 Chri-

203 242 245 275 sti
269 241 424 274 notitiam
457 241 674 282 adduxerint,
711 240 795 274 adeo
829 248 866 273 ut
899 239 1049 274 Christus
1081 250 1150 271 non
1179 246 1248 271 tam
1278 249 1334 270 rex

202 304 335 336 futurus
359 303 420 344 sit,
451 316 552 349 quam
586 304 708 349 »rex¹)
733 315 866 346 regum,
898 311 930 335 et
961 301 1130 334 Dominus
1162 299 1336 334 dominan-

203 366 335 409 tium;«
373 374 406 399 et
429 364 612 400 nonnullos
635 367 677 399 ab
709 365 834 408 angelis
866 364 999 399 Christo
1034 362 1169 404 offerri,
1205 361 1338 407 aliquos

204 441 286 462 vero
311 427 515 471 archangelis
540 429 710 462 duntaxat.
747 427 906 473 Denique
930 427 978 460 sic
1001 425 1174 460 concludit
1197 437 1289 458 num.
1306 424 1337 458 5.

205 491 324 525 »Sicut
350 505 388 524 ex
422 491 520 525 initio
552 490 822 537 saeculiitujus,
855 488 978 534 cum²)
1010 489 1217 534 dispergeret
1245 487 1339 521 Deus

205 554 296 587 {ilios
321 555 439 595 Adam,
471 555 586 588 statuit
615 555 696 587 smes
736 553 897 587 Gentium
940 552 1126 586 secundum
1161 560 1341 584 numerum

205 617 403 659 angelorum
422 617 502 658 Dei,
527 627 559 650 et
585 630 804 662 unaquaeque
828 629 908 659 gens
932 617 993 648 sub
1024 615 1085 648 ilio
1111 614 1228 656 angeio
1253 614 1341 646 sacta

207 689 265 720 est,
291 693 353 713 una
379 690 489 713 autem
517 681 578 713 suit
604 690 635 713 et
661 681 767 713 eiecta
793 693 870 723 gens
896 679 1010 719 Israel,
1035 690 1119 723 quae
1139 675 1253 721 portio
1268 675 1342 707 Do—

205 742 290 775 mini
314 743 378 775 suit
394 769 402 784 ,
427 753 458 776 et
484 743 653 777 funiculus
677 742 892 776 haereditatis
918 741 1003 787 ejus3
1036 741 1082 773 ita
1114 740 1216 772 credo
1251 747 1283 770 et
1307 737 1342 770 in

206 806 272 838 {ine
298 805 394 852 hujus
420 807 550 848 mundi,
575 816 675 851 atque
700 807 734 840 in
758 805 856 839 initio
877 803 1002 838 saeculi
1019 803 1166 844 alterius,
1190 802 1341 834 futurum

205 877 243 900 ut
268 868 392 901 iterum
417 869 544 902 dividat
568 869 727 903 Excelsus
752 868 847 902 filios·
865 868 995 907 Adam,
1033 875 1066 899 et
1097 865 1156 911 qui
1185 876 1255 897 non
1278 875 1343 908 po-

205 930 332 964 tuerint
356 931 403 964 ita
427 932 547 965 mundi
572 944 641 965 esse
668 933 781 973 corde,
808 941 843 964 ut
859 931 969 976 ipsum
986 929 1122 962 videam
1140 926 1343 967 Dominum,

207 1002 240 1026 et
266 1006 334 1027 esse
359 994 474 1039 portio
506 994 666 1036 Domini,
706 994 839 1028 videant
863 1003 995 1026 sanctos
1025 990 1178 1034 angelos,
1215 998 1247 1022 et
1279 987 1345 1021 sint

206 1056 392 1090 secundum
415 1070 594 1091 numerum
620 1057 816 1101 angelorum
839 1056 918 1094 Dei,
965 1056 1035 1089 Sed
1060 1055 1177 1087 beatus
1201 1060 1262 1092 est,
1287 1049 1345 1095 qui

207 1117 326 1161 dignus
351 1120 451 1152 suerit
477 1119 511 1152 in
536 1119 595 1152 illa
621 1119 685 1152 vita
712 1133 780 1152 esse
806 1119 920 1164 portio
945 1117 1106 1158 Domini,
1139 1125 1171 1149 et
1195 1113 1344 1161 populus

208 1181 279 1227 ejus
303 1181 430 1222 Jacob,
462 1195 499 1215 ac
523 1181 693 1214 funiculus
717 1180 932 1215 haereditatis
961 1193 1038 1214 suae
1067 1179 1211 1216 Israel,«
1261 1176 1346 1210 Ger-

207 1256 343 1277 manum
384 1244 506 1277 horum
548 1253 595 1277 est
630 1245 722 1290 quod
760 1245 883 1287 legitur
921 1244 1023 1277 Hom.
1054 1242 1149 1276 XXI.
1179 1241 1215 1274 in
1245 1241 1345 1275 Num.

208 1318 302 1358 num..
327 1307 369 1347 1.‚
393 1307 451 1339 ubi
478 1307 570 1339 aiiu'd
594 1306 762 1340 beatitatis
786 1320 888 1349 genus
914 1306 954 1340 iis
978 1305 1130 1348 assignat,
1155 1303 1213 1350 qui
1232 1303 1346 1337 divina

208 1368 393 1401 ministeria
418 1370 451 1402 in
478 1369 560 1402 vivis
587 1369 750 1411 obierint3
775 1369 867 1402 aliud
893 1369 943 1410 iis,
969 1369 1026 1414 qui
1040 1368 1200 1401 virtutem
1214 1365 1345 1410 segnius

209 1430 433 1464 excoluerint:
460 1431 537 1464 illos
563 1432 690 1476 quippe
721 1432 838 1465 scribit
869 1431 1065 1475 supergredi
1097 1442 1227 1463 summa
1258 1428 1346 1462 coeli

209 1493 348 1536 fastigia,
374 1503 406 1525 et
431 1494 477 1525 ibi
504 1506 638 1539 semper
662 1494 695 1526 in
720 1493 891 1535 Domino,
916 1507 1050 1538 semper
1077 1493 1110 1525 in
1135 1492 1249 1525 Verbo
1275 1491 1345 1537 ejus

207 1569 246 1588 ac
272 1556 443 1600 Sapientia
468 1566 634 1588 versantes
658 1556 797 1589 summis
823 1556 952 1589 deliciis
981 1555 1066 1597 srui3
1090 1556 1156 1595 hos>
1178 1568 1258 1587 vero
1280 1563 1344 1588 tet·-

207 1631 263 1650 rae
289 1617 429 1663 alicujus
455 1618 663 1651 sublimioris
689 1628 721 1652 et
746 1618 967 1663 potentioris,
1000 1628 1107 1650 terrae
1141 1630 1265 1663 nempe
1298 1616 1346 1650 vi—

207 1680 358 1713 ventium
383 1680 625 1713 haereditatem
652 1671 820 1725 eapturos.
869 1680 995 1714 Scribit
1018 1689 1193 1726 praeterea
1216 1679 1344 1713 Homii.

207 1743 268 1775 ΙΙΙ.
296 1742 329 1775 in
355 1743 447 1783 Luc.,
472 1742 504 1775 in
530 1743 644 1775 sutura
668 1743 735 1776 vita
758 1755 828 1776 non
854 1755 971 1778 omnes
994 1741 1106 1776 statim
1137 1752 1237 1787 atque
1271 1755 1346 1775 cor—

206 1817 292 1849 pore
318 1805 475 1845 exierint,
506 1805 618 1852 Deum
652 1802 830 1848 angelusve
857 1806 1004 1847 visuros,
1040 1805 1099 1838 sed
1124 1817 1181 1838 eos
1205 1812 1346 1846 tantum,

207 1866 265 1911 qui
289 1867 456 1901 munditie
482 1868 593 1901 cordis
619 1867 737 1910 dignos
763 1880 796 1901 se
821 1867 889 1900 Dei
919 1868 1080 1913 adspectu
1111 1866 1347 1913 praebuerint3

206 1929 359 1972 quamvis
395 1938 507 1962 autem
540 1930 574 1962 iu
612 1930 734 1963 eodem
767 1930 846 1963 loco
880 1929 986 1963 futuri
1016 1930 1081 1963 sint
1117 1939 1150 1962 et
1175 1929 1234 1975 qui
1257 1942 1344 1976 puro

206 1991 309 2024 corde
335 2001 441 2032 erunt,
469 2001 500 2024 et
527 1992 584 2037 qui
601 1993 756 2025 sordibus
777 1992 918 2033 foedati,
944 1992 1112 2038 disparem
1129 2001 1240 2025 tamen
1252 2001 1347 2025 utro-

204 2064 347 2098 rumque
372 2055 521 2087 suturam
555 2063 701 2095 sortem,
744 2064 775 2087 et
809 2055 886 2088 illes
919 2055 986 2088 Dei
1016 2053 1141 2087 intuitu
1171 2054 1348 2096 fruituros,

206 2126 274 2157 quo
310 2115 341 2147 hi
376 2116 545 2149 carebunt.
593 2117 746 2150 Humilia
777 2116 884 2152 XVH.
916 2126 1077 2163 sequente
1108 2126 1272 2150 asseverat
1304 2117 1345 2149 ab

299 2239 329 2279 ι)
357 2237 424 2270 Csr.
453 2239 594 2283 Apocal.
620 2240 715 2281 XIX,
744 2242 792 2277 16.

294 2293 327 2337 ²)
355 2292 425 2325 Csr.
451 2293 553 2328 Deutt
581 2296 724 2338 ΧΧΧΙῘ,
749 2299 780 2334 8,
806 2299 837 2334 9.
