1403 2492
376 110 688 142 Omommnonum
714 109 825 142 Lim-:n
850 109 893 143 ΙΙ.
1133 109 1197 145 193

66 208 98 232 rt
123 199 330 243 Epiphanius
356 199 388 231 in
415 199 510 243 epist.
534 200 574 231 ad
597 199 720 233 Joann.
746 198 974 244 Hierosolym.
1001 210 1072 242 cap.
1095 198 1138 238 4.,
1164 209 1197 231 et

64 260 97 292 iu
126 263 294 293 Ancon-ato
319 273 390 305 rap.
414 261 479 300 54„
503 260 581 292 alibi
603 260 796 292 Paradisum
815 261 998 298 collocans,
1023 259 1102 292 alibi
1118 273 1196 292 coe-

65 322 154 361 lum;
179 332 211 354 ct
237 322 436 364 Augustinus
462 322 536 354 libr.
560 322 635 353 XX.
669 321 710 352 de
736 321 835 354 Civit.
863 320 950 360 Dei,
987 333 1058 365 cap.
1084 321 1135 355 14,
1162 331 1196 354 et

63 383 128 422 iti„
153 383 185 415 in
209 383 375 427 aliquibus
400 382 538 425 Origeni
561 382 789 422 consentiens,
823 392 856 414 et
888 391 1007 414 auctor
1030 383 1198 427 quaestio-

62 456 142 476 num
167 445 209 477 ad
233 446 450 484 Antiochum,
474 444 667 476 hominibus
691 444 926 477 absconditum
945 444 1022 484 lior,
1048 453 1080 476 et
1102 444 1197 487 iguo-

62 515 133 538 tum
159 518 228 537 esse
253 507 448 552 mysterium
473 507 616 539 edicens.

151 567 244 603 XVI.
289 567 375 600 Satis
399 580 438 599 ex
463 567 712 611 superioribus,
737 566 837 599 etiam
863 579 916 598 me
942 566 1072 606 silente,
1098 568 1196 600 colli-

61 628 150 669 gitur
173 629 406 662 damnatorum
432 629 550 673 poenis
581 630 722 661 modum
754 628 934 672 aliquando
969 637 1003 660 et
1027 629 1128 660 finem
1156 642 1193 661 ex

59 691 198 722 decreto
226 690 380 732 Origenis
406 691 601 735 impositum
627 690 685 723 iri:
712 703 787 722 cum
813 689 901 722 enim
927 690 1079 722 futurum
1104 699 1194 723 ratus

59 752 112 792 sit,
136 761 173 784 ut
196 765 430 797 quemcunque
453 762 587 785 teneant
611 761 732 784 statum
759 751 906 790 animae,
939 764 1079 794 peccare
1110 765 1191 796 pos—-

60 813 136 852 siut,
162 823 194 845 et
217 826 253 845 re
276 813 348 858 ipsa
371 827 532 859 persaepe
557 824 710 858 peccent¹
735 826 772 845 ac
797 825 860 857 pro
878 812 1024 856 peccatis
1043 813 1096 844 vel
1121 826 1192 845 me-

61 875 133 907 ritis
156 884 323 919 perpetuo
350 875 490 907 circuitu
515 876 555 907 ab
578 874 653 907 imis
685 875 726 906 ad
757 886 904 913 summa,
935 886 952 906 a
984 875 1121 907 summis
1154 876 1195 907 ad

61 936 127 968 ima
152 937 384 976 revolvantur,
410 936 580 980 ipsiusque
605 936 732 968 diaboli
758 948 870 967 aversa
895 948 911 967 a
936 935 1013 967 Deo
1040 936 1195 968 voluntas

61 998 143 1030 olim
169 999 369 1030 conterenda
400 998 461 1038 sit,
501 1007 533 1030 et
567 999 641 1030 Deo
678 997 766 1030 Patri
800 1010 938 1038 reguum
972 996 1121 1030 Christus
1152 998 1194 1031 sit

58 1060 252 1099 traditurus,
276 1069 415 1104 tumque
442 1059 678 1092 existimaverit
708 1060 844 1103 plenam
872 1058 1022 1090 omnium
1049 1059 1193 1093 ἀποκα-

59 1121 231 1155 τάστασιν
255 1135 292 1154 ac
315 1122 499 1165 perfectam
525 1120 719 1153 felicitatem
745 1122 902 1160 suturam,
929 1134 1001 1152 cum
1025 1121 1117 1152 Deus
1131 1121 1194 1154 erit

61 1182 172 1214 mnnia
196 1182 228 1214 iu
254 1182 426 1214 omnibus:
459 1181 674 1226 consequitur
706 1181 800 1213 illinc
832 1181 1019 1213 necessario
1047 1182 1194 1214 desitura

59 1245 295 1276 damnatorum
325 1243 509 1287 supplicia,
548 1256 652 1287 eaque
692 1255 851 1274 noxarum
886 1244 1040 1275 duntaxat
1074 1256 1194 1287 expur-

61 1306 159 1347 gandi
183 1318 295 1337 caussa
319 1318 336 1337 a
361 1305 436 1336 Deo
463 1304 654 1336 hominibus
679 1304 794 1345 infligi.
851 1304 1006 1336 Hominis
1031 1315 1118 1337 esset
1144 1305 1193 1337 iu—

60 1366 288 1411 temperantis,
312 1379 420 1410 neque
444 1366 521 1398 satis
545 1365 692 1408 tempori
717 1366 882 1409 parcentis
912 1379 993 1405 suo,
1025 1379 1193 1410 quaecun-

60 1441 125 1472 que
152 1427 280 1459 vesania
306 1427 365 1459 liar,
391 1427 496 1459 oblita
521 1427 553 1458 in
580 1427 790 1467 Origenianis
811 1427 1069 1460 Commentariis
1094 1441 1191 1472 repe-

60 1490 201 1527 riuntur,
227 1488 344 1520 lectori
369 1489 570 1521 recensenda
596 1487 761 1532 objicere:
791 1489 877 1520 adeo
912 1489 1040 1521 multus
1072 1500 1119 1522 est
1158 1491 1190 1523 in

60 1551 124 1583 lioc
151 1551 304 1591 dogmate
329 1551 524 1594 prodendo,
551 1559 583 1581 et
608 1549 746 1582 odiosus
772 1551 1001 1583 Adamantius.
1057 1552 1123 1584 Sed
1151 1565 1190 1584 ue

59 1626 120 1645 nos
144 1621 254 1644 tamen
279 1625 295 1644 a
319 1624 415 1643 more
441 1611 657 1643 deflectamus
674 1621 802 1650 nostro,
826 1612 970 1644 illustria
987 1614 1095 1645 solum
1110 1614 1190 1646 fidei

60 1687 171 1707 caussa
195 1686 407 1718 sepouemus.
455 1672 555 1704 Prior
585 1673 731 1704 occurrit
762 1673 856 1705 locus
879 1674 1031 1706 Humilia
1057 1676 1130 1708 Vll.
1158 1675 1189 1707 in

60 1736 177 1774 levit„
202 1735 234 1766 in
260 1746 323 1777 qua
348 1733 478 1777 prolixe
505 1733 669 1776 disputat,
701 1735 877 1777 quomodo
907 1735 997 1767 Patri
1021 1736 1190 1779 subjectus

58 1798 168 1830 Filius
193 1795 259 1827 dici
286 1794 408 1839 possit,
441 1794 654 1839 ostenditque
686 1795 811 1828 Filium
843 1805 979 1827 eatenus
1007 1797 1074 1828 «liei
1100 1797 1189 1829 Patri

59 1872 127 1891 nou
153 1871 222 1890 esse
246 1856 444 1900 subjectum,
467 1865 628 1899 quatenus
643 1869 713 1894 nos,
739 1856 794 1899 qui
809 1870 921 1888 sumus
941 1858 1065 1889 Christi
1085 1872 1189 1890 niem-

61 1922 137 1958 bra,
172 1918 262 1951 Patri
287 1918 424 1950 minime
448 1918 589 1961 subjecti
614 1931 736 1951 sumus.
801 1919 913 1950 »Cum
941 1932 1039 1958 vero,
1081 1919 1187 1963 inquit

60 1991 150 2014 nuni.
175 1980 219 2019 2.,
243 1981 522 2012 consummaverit
548 1993 632 2023 opus
663 1993 780 2018 suum,
815 1989 847 2011 et
877 1979 1064 2011 universam
1098 1993 1188 2013 crea-

60 2053 168 2076 turam
193 2055 284 2073 suam
311 2042 352 2073 ad
375 2053 543 2072 summum
569 2040 786 2084 perfectionis
803 2041 990 2081 adduxerit,
1014 2051 1091 2074 tuuc
1117 2042 1187 2086 ipse

61 2104 191 2137 dicetur
215 2101 382 2145 subiectus
406 2102 437 2133 iu
463 2102 520 2141 liis,
546 2116 630 2146 quos
653 2103 804 2134 subdidit
829 2103 929 2142 Patri,
956 2113 988 2135 et
1013 2103 1044 2135 in
1068 2104 1188 2147 quibus

62 2178 159 2209 opus,
186 2164 275 2208 quod
303 2164 333 2195 ei
357 2164 456 2195 Pater
479 2164 632 2201 dederat,
662 2165 922 2202 colistiiniiiavit,
954 2173 990 2196 ut
1021 2163 1063 2196 sit
1094 2165 1187 2197 Deus

61 2227 173 2259 omnia
197 2227 231 2258 in
256 2225 441 2257 omnibus«
490 2224 669 2270 Subjungit
700 2225 823 2258 deinde
848 2225 1017 2258 Clu-istum
1044 2234 1114 2257 tum
1142 2225 1187 2257 vi-

60 2302 140 2321 num
161 2287 359 2327 bibiturum,
383 2300 458 2319 cum
488 2285 652 2331 »subjecta
678 2286 707 2318 ei
731 2288 856 2320 suerint
881 2286 1002 2325 ‹unni-a,
1028 2296 1059 2318 et
1085 2287 1190 2319 salva-

114 2345 294 2384 OntGENtS
323 2350 459 2384 OPERA.
487 2349 582 2383 Tom.
608 2349 744 2382 xxm.
990 2348 1029 2382 13}
