1403 2492
378 109 692 142 Omenumuonum
724 106 838 141 ann
862 107 906 141 ΙΙ.
1143 110 1206 145 109

69 210 162 237 mus,
203 210 350 230 caussam
383 198 512 230 dedisse
537 197 633 237 Deo,
669 209 728 229 cur
757 206 887 230 mentes
912 206 1040 230 nostras
1065 200 1205 232 terrenis

69 259 159 291 hisce
183 259 331 292 molibus
355 259 554 305 implicaret,
578 259 664 291 adeo
689 266 726 290 ut
750 259 791 291 ad
822 259 906 290 hanc
930 259 962 291 in
989 261 1084 293 terris
1107 274 1206 303 agen-

70 320 148 353 dam
179 320 280 353 vitam
314 320 407 354 Deus
443 333 503 353 nos
533 319 850 364 praedestinaverit,
891 333 928 352 ex
968 322 1126 365 praevisis
1163 324 1204 355 ab

69 381 162 414 omni
187 391 280 414 retro
311 394 395 414 aevo
427 381 552 414 meritis
587 381 673 414 vitae
703 381 794 414 illius
823 381 856 414 in
889 382 988 414 coelo
1012 384 1205 424 traductae3

68 442 113 475 ita
138 456 178 476 ex
202 443 362 488 praevisis
386 442 512 475 meritis
536 443 700 475 terrestris
726 442 825 488 hujus
849 443 954 484 vitae,
993 458 1092 489 quam
1116 459 1205 478 nunc

68 505 212 547 agimus,
251 505 515 551 praedestinasse
537 517 600 537 nos
624 503 738 537 Deum
763 505 805 537 ad
828 505 958 538 nobilia
981 508 1144 550 quaedam
1170 508 1203 540 in

67 567 164 600 terris
187 568 342 600 obeunda
372 566 505 606 munia,
535 566 657 598 deiude
689 579 769 599 vero
801 575 879 610 post
911 567 1041 600 obitum
1066 570 1107 601 ad
1131 570 1204 611 glo-

67 629 169 669 riam,
203 628 407 662 existimavit.
465 628 548 672 ld¹)
581 628 714 661 duobus
746 628 927 673 praecipue
959 629 1043 662 locis
1078 632 1204 672 asserit,

67 703 210 735 quorum
234 690 330 735 prior
354 698 402 722 est
427 689 502 722 libr.
517 690 542 722 I.
568 689 601 722 iu
629 689 724 734 epist.
751 690 792 722 ad
817 690 917 723 Rom.
942 704 1033 724 num.
1048 691 1079 728 3,
1117 692 1204 725 Pau—

67 752 139 785 lum
161 752 209 785 ibi
232 765 251 784 a
276 760 390 784 ventre
415 751 528 784 matris
559 764 638 784 suae
664 761 846 796 propterea
868 762 1074 795 segregatum
1100 754 1201 787 fuisse

66 813 151 846 dicit
172 813 206 846 in
229 812 451 854 Evangelium
475 813 558 853 Dei,
591 814 669 858 quia
704 826 844 846 »causas
873 813 907 846 in
942 827 982 846 eo
1017 824 1049 847 et
1072 815 1202 856 merita,

66 875 250 920 quibus-in
283 875 350 908 hoc
380 875 544 917 segregari
576 874 750 914 debuerit,
785 875 869 908 vidit
898 875 975 916 ille,
1007 890 1108 921 quem
1133 891 1202 910 non

65 937 147 970 latet
168 950 273 970 mens.
310 932 491 970 ⁴Praevidit
516 938 626 977 enim,
659 938 753 982 quod
776 937 998 970 abundantius
1023 952 1122 984 quam
1149 953 1202 973 ce-

65 999 127 1032 teri
160 1012 276 1032 omnes
309 999 520 1032 laboraturus
557 1009 642 1033 esset
678 998 712 1031 in
747 999 932 1041 Evangelio
945 1025 1061 1033 .......
1109 1002 1202 1035 Haec

63 1072 154 1102 ergo,
179 1069 212 1092 et
224 1060 258 1105 ²)
283 1060 389 1093 multa
414 1061 478 1094 alia
504 1061 554 1093 his
583 1060 722 1101 similia,
754 1061 787 1093 in
814 1074 854 1093 eo
881 1062 922 1094 de
948 1072 1064 1095 ventre
1087 1064 1200 1096 matris

62 1122 260 1166 praevidens
282 1121 390 1163 Jesus,
415 1136 478 1167 pro
504 1122 553 1155 his
577 1122 763 1164 segregavit
787 1136 864 1155 eum
887 1124 921 1156 in
946 1120 1197 1167 EGangeliumss

61 1183 106 1216 Et
130 1197 225 1217 mox:
254 1198 271 1213 υ
282 1183 381 1228 Quos
405 1184 584 1228 praescivit
609 1184 701 1215 Deus
725 1183 807 1216 tales
834 1184 984 1225 futuros,
1003 1196 1040 1218 ut
1066 1186 1199 1220 Christo

61 1257 96 1277 se
119 1245 153 1278 in
177 1245 386 1290 passionibus
411 1246 680 1283 conformarent,
702 1244 793 1288 ipsos
818 1245 917 1277 etiam
944 1247 1136 1280 conformes
1162 1262 1201 1282 ac

62 1306 187 1339 similes
212 1306 365 1348 imaginis
391 1306 460 1352 ejus
485 1306 745 1352 praedestinavit
776 1316 809 1339 et
838 1307 972 1349 gloriae.
1021 1309 1199 1343 Praecedit

62 1381 140 1410 ergo
166 1368 386 1412 praescientia
411 1369 496 1410 Dei,
529 1382 592 1413 per
616 1381 715 1413 quam
739 1378 927 1401 noscuntur
951 1370 1010 1414 qui
1033 1370 1066 1402 in
1091 1385 1126 1404 se
1151 1372 1198 1405 la·

59 1431 160 1462 bores
185 1439 218 1462 et
243 1429 378 1462 virtutes
402 1428 546 1461 habituri
571 1429 647 1468 sint,
673 1438 706 1462 et
734 1429 779 1462 ita
802 1431 1064 1474 praedestinatio
1085 1434 1197 1478 sequi-

59 1500 132 1532 tur;
162 1504 224 1524 nec
255 1500 366 1524 tamen
398 1504 510 1523 rursus
542 1491 857 1535 praedestinationis
891 1506 987 1525 causa
1023 1496 1197 1538 putabitur

58 1553 287 1598 praescientia.
351 1553 454 1597 Quod
493 1553 582 1584 enim
619 1554 709 1598 apud
743 1553 899 1586 homiues
935 1554 1196 1602 uniuscujusque

58 1615 218 1648 meritum
246 1624 406 1660 pensatur
437 1627 475 1647 ex
506 1614 696 1658 praeteritis
728 1615 843 1656 gestis,
878 1616 943 1647 hoc
967 1619 1057 1660 apud
1082 1620 1194 1652 Deum

57 1677 224 1723 judicatur
249 1690 287 1709 ex
313 1676 442 1709 futuris.
457 1690 472 1703 ι(
514 1676 665 1708 Habetur
686 1677 781 1709 locus
802 1678 886 1710 alter
900 1677 974 1710 libr.
993 1680 1064 1712 Vll.
1093 1681 1194 1714 Com—

57 1748 159 1772 ment.
184 1739 219 1771 in
244 1739 379 1783 epistol.
405 1739 447 1770 ad
472 1739 571 1773 Rom.
598 1751 689 1770 num.
713 1738 757 1778 8.,
782 1739 841 1771 ubi
865 1740 929 1772 hoc
955 1742 1113 1785 Apostoli
1140 1756 1193 1775 ex-

56 1802 208 1845 planans:
234 1826 254 1840 „
265 1799 390 1843 „Quos
409 1801 442 1845 ³)
468 1809 580 1832 autem
603 1799 874 1844 praedestinavit,
899 1801 960 1833 hos
988 1813 1021 1834 et
1043 1805 1191 1837 vocavit:

56 1872 88 1894 et
113 1875 197 1906 quos
223 1865 373 1901 vocavit,
405 1863 466 1894 bos
491 1871 523 1894 et.
546 1861 754 1907 justificavit:
789 1875 873 1906 quos
898 1872 1010 1895 autem
1035 1864 1193 1908 justifica-

56 1925 120 1964 vit,
161 1924 238 1957 illos
270 1934 302 1957 et
332 1925 610 1967 glorificavit:““
654 1922 801 1967 primum
835 1925 932 1956 aliter
955 1924 1191 1968 accipiendum

55 1981 156 2018 docet
179 1986 281 2017 illud:
314 2011 333 2025 ‚,
344 1986 469 2029 „Quos
494 1985 750 2030 praescivit:““
780 1986 955 2030 superiore
981 2000 1191 2022 commemo-

151 2093 180 2135 ¹)
207 2093 292 2124 Vide
326 2092 423 2125 etiam
455 2093 579 2125 librum
613 2093 653 2124 de
687 2092 851 2125 Oratione
886 2106 976 2126 num.
1003 2094 1033 2128 6.
1060 2105 1091 2128 et
1117 2097 1188 2129 Ηο-

53 2138 123 2170 mil.
149 2138 239 2170 XIV.
266 2138 299 2169 in
324 2138 423 2170 Num.
448 2151 540 2175 num,
566 2139 595 2172 2.
623 2138 663 2170 R.

144 2198 177 2238 ²)
202 2194 290 2227 Edd.
322 2193 453 2226 Huetii:
499 2203 556 2226 »ot
592 2194 641 2226 his
675 2194 816 2233 similia,
860 2203 891 2226 et
923 2194 986 2227 alia
1021 2197 1126 2230 multa
1153 2198 1184 2229 in

52 2253 118 2272 eo«
147 2250 208 2273 elc-

143 2298 174 2340 3)
203 2297 298 2328 Rom.
324 2295 418 2334 Vlll,
441 2294 493 2328 3⁰.
