1403 2492
155 98 220 133 156
480 98 592 131 Ρετειι
619 97 794 131 Daunius
820 98 951 133 Ηυιῑτιι

154 190 316 224 »Certum
341 198 409 228 est,
441 188 518 233 quia
547 197 661 221 manet
683 201 744 221 nos
769 187 851 230 ignis
877 188 957 232 ille,
990 189 1050 233 qui
1073 201 1289 236 praeparatus

153 261 201 284 est
226 251 481 296 peccatoribus,
521 260 554 283 et
585 250 757 283 veniemus
791 250 832 282 ad
858 250 958 283 illum
991 251 1120 293 ignem,
1161 252 1195 285 in
1221 267 1288 298 quo

155 312 466 357 »nuuiuscujusque
482 313 512 356 ¹)
543 325 628 356 opus
654 312 752 357 quale
779 311 833 351 sit,
858 312 942 354 ignis
967 313 1185 357 probabituu
1235 313 1290 354 Et,

150 384 190 407 ut
214 387 275 417 ego
300 374 464 414 arbitror,
497 387 614 407 omnes
644 387 705 407 nos
737 373 850 407 venire
881 386 1016 407 necesse
1047 384 1096 408 est
1125 375 1167 408 ad
1193 375 1290 409 illum

152 437 274 480 ignem.
321 436 462 469 Etiamsi
486 436 611 469 Paulus
637 435 679 468 sit
703 435 842 480 aliquis,
875 437 929 468 vel
953 435 1094 479 Petrus,
1127 437 1218 470 venit
1240 446 1291 470 ta-

151 512 229 531 men
254 499 295 531 ad
320 498 416 531 illum
442 497 563 539 ignem.
612 491 756 530 Sedfflli
783 497 865 530 tales
889 497 1050 531 audiunt:
1087 498 1290 544 =·›‚E2ian·²)

151 561 177 593 si
202 573 265 605 per
287 560 398 602 ignem
424 569 581 600 transeas,
605 560 738 592 flamma
764 573 832 593 nou
858 559 978 592 aduret
1009 551 1103 593 {en-e·
1146 560 1183 594 Si
1208 574 1289 594 vero

149 621 270 667 aliquis
293 621 413 654 similis
437 621 504 654 mei
536 631 696 666 peccator
727 622 783 661 sit,
816 621 927 654 veniet
951 621 1089 667 quidem
1113 622 1154 654 ad
1180 621 1291 664 ignem

149 684 259 722 illum,
283 683 369 716 sicut
394 683 514 716 Petrus
539 692 573 715 et
597 674 740 722 Paulus,
772 683 828 715 sed
856 696 922 715 non
948 683 996 716 sic
1020 683 1176 723 transiet,
1205 683 1292 717 sicut

150 746 269 779 Petrus
295 755 328 778 et
352 744 487 779 Paulus,
502 760 519 775 ιι
569 746 618 777 Ac
642 744 736 777 illius
760 745 916 778 transitus
940 745 1120 778 discrimen
1143 745 1294 778 Hebrae-

150 821 259 847 orum,
286 806 598 854 Aegyptiorumque
631 819 694 850 per
726 819 817 839 mare
851 808 990 839 rubrum
1015 807 1171 840 transitus
1196 820 1291 840 com-

148 869 324 914 paratione
350 868 518 913 explanat:
543 868 708 900 adductus
733 868 864 901 scilieet
888 869 938 901 his
963 869 1061 902 Pauli
1080 870 1102 902 Ι.
1129 869 1210 903 Cor.
1230 869 1291 908 ΙΙΙ,

151 931 203 966 13.
254 929 574 974 »uUniuscujusque
609 943 694 974 opus
727 931 826 974 quale
857 930 920 969 sit,
961 930 1044 973 ignis
1073 930 1288 976 probabit.««

147 994 191 1026 Et
217 993 317 1025 Hom.
334 992 427 1024 XIV.
453 991 486 1024 in
511 992 592 1023 Luc.
629 991 720 1034 »Ego
746 1002 842 1036 puto,
869 992 961 1037 quod
987 1002 1020 1025 et
1043 1002 1123 1037 post
1143 1005 1291 1025 resurre-

150 1055 297 1088 ctionem
330 1067 368 1086 ex
399 1053 542 1086 mortuis
578 1053 786 1095 indigeamus
816 1063 1027 1086 sacramento
1063 1053 1197 1086 eluente
1227 1066 1290 1086 nos

148 1127 248 1162 atque
284 1124 467 1160 purgante3
502 1122 602 1147 nemo
645 1115 733 1147 enim
771 1117 895 1160 absque
933 1116 1089 1149 sordibus
1118 1127 1290 1158 resurgere

147 1179 294 1224 poterit;
318 1191 381 1210 nec
404 1177 509 1209 ullam
533 1188 634 1221 posse
659 1177 804 1210 animam
829 1178 988 1222 reperiri,
1013 1190 1098 1222 quae
1127 1177 1291 1210 universis

147 1241 260 1274 statim
286 1239 376 1272 vitiis
400 1247 520 1271 careat.
536 1254 553 1269 «ι
594 1238 639 1271 Et
667 1239 742 1272 libr.
762 1239 802 1272 V.
828 1249 943 1272 contra
962 1239 1099 1273 Celsum
1125 1253 1218 1272 num.
1237 1240 1289 1273 15.

148 1304 357 1349 Epicureum
382 1302 471 1334 huuc
496 1299 693 1341 confutans,
724 1301 781 1346 qui
813 1311 986 1346 receptam
1018 1301 1108 1346 apud
1130 1301 1290 1335 Christia-

147 1378 210 1398 nos
235 1366 276 1397 de
312 1363 433 1396 mundi
465 1362 728 1405 conflagratione
757 1363 955 1408 opinionem
985 1363 1167 1404 irridebat,
1206 1363 1291 1396 dicit

148 1427 258 1470 ignem
282 1425 441 1458 universo
466 1425 595 1457 mundo
620 1424 754 1457 inferri:
788 1424 900 1464 Εἰκὸς
925 1425 956 1461 δ’
985 1424 1036 1460 ὅτι
1063 1429 1124 1460 καὶ
1148 1423 1288 1470 ἑκάστῳ

148 1491 221 1523 τῶν
245 1490 434 1533 δεομένων
464 1488 526 1529 τῆς
562 1484 624 1520 διὰ
656 1489 718 1520 τοῦ
751 1485 865 1531 πυρὸς
901 1488 1003 1530 δίκης
1029 1486 1110 1532 ἅμα
1141 1490 1202 1521 καὶ
1226 1489 1287 1522 ἴα-

149 1555 276 1596 mefac,
303 1553 471 1588 καίοντος
493 1548 564 1593 μὲν
577 1551 638 1582 καὶ
657 1547 699 1582 οὐ
715 1552 974 1588 κατακαίονιος
998 1548 1080 1589 τοὺς
1102 1563 1152 1593 μη
1179 1550 1287 1595 ἕχον-

147 1626 210 1652 τας
234 1611 323 1655 ὕλην
348 1612 529 1656 δεομένην
560 1609 785 1664 &roffeio-fimi
814 1609 871 1644 ὑπ’
901 1611 1043 1646 ἐκείνου
1067 1613 1130 1646 τοῦ
1155 1611 1286 1657 πυρός·

146 1678 313 1713 καίοντος
337 1674 377 1708 δὲ
403 1675 462 1707 καὶ
486 1676 747 1710 κιιιακαίοντος
770 1671 852 1711 τούς
875 1673 916 1707 ἐν
940 1674 979 1720 τῇ
1004 1672 1065 1708 διὰ
1091 1674 1164 1708 τῶν
1187 1671 1287 1720 πρά-

147 1741 250 1781 ξεων,
276 1738 337 1771 καὶ
360 1734 495 1780 λόγων,
521 1737 583 1769 καὶ
605 1732 801 1779 νοημάτων
824 1736 1004 1778 τροπικῶς
1027 1738 1206 1784 λεγομένῃ
1230 1738 1288 1771 01-

147 1801 288 1846 κοδομῇ
313 1796 413 1842 ξύλα,
435 1795 583 1843 χόρτον,
610 1794 631 1840 ἢ
656 1789 825 1840 καλάμὴν
850 1795 1172 1841 οἰκοδομήσαντας.
1200 1797 1288 1831 Cum

148 1861 195 1894 ait
220 1873 299 1902 ergo
325 1859 401 1892 libr.
427 1859 515 1893 Vlll.
541 1859 575 1891 in
602 1858 700 1903 epist.
733 1858 775 1891 ad
807 1858 907 1890 Rom.
940 1871 1032 1890 num.
1059 1858 1123 1893 12..
1147 1859 1288 1904 quicun-

146 1936 211 1968 que
238 1923 353 1956 Verbo
378 1921 447 1954 Dei
469 1930 629 1966 purgatus
652 1928 722 1953 no'n
746 1919 867 1958 fuerit,
899 1920 988 1952 hunc
1011 1919 1087 1962 igne
1118 1921 1287 1955 excrucia*

147 1994 220 2016 tum
246 1984 306 2025 iri;
330 1983 406 2025 igne
433 1996 571 2028 quoque
595 1983 785 2020 lustratum,
809 1981 869 2014 sed
893 1994 962 2014 non
986 1982 1144 2015 adustum
1168 1982 1210 2016 iri
1233 1982 1285 2016 iu-

147 2046 281 2088 telligit,
306 2045 364 2090 qui
389 2046 504 2078 Verbo
528 2045 595 2078 Dei
621 2042 723 2076 fuerit
748 2052 916 2087 purgatus.

236 2110 281 2140 At
294 2107 444 2140 Homilia
466 2116 580 2140 tamen
603 2106 637 2138 in
657 2106 782 2138 Lucam
795 2105 920 2139 XXIV.
946 2118 1004 2138 eos
1028 2115 1160 2139 tantum
1186 2106 1285 2149 igneo

146 2169 285 2202 flumine
310 2182 327 2201 a
354 2169 488 2202 Christo
512 2167 733 2212 baptizandos
757 2167 919 2207 affirmat,
949 2167 1008 2212 qui
1039 2181 1126 2213 aqua
1157 2177 1191 2202 et
1215 2167 1284 2213 spi-

244 2292 275 2335 ·)
301 2293 314 2325 1
340 2292 417 2326 eor.
446 2291 506 2329 ιιι,
536 2290 585 2325 ι3.
680 2292 713 2333 ·-·)
738 2290 839 2323 sesai.
863 2289 987 2330 xmu,
1011 2289 1041 2324 2.
