1403 2492
187 74 254 110 310
518 75 629 109 Ριετιιι
655 75 828 110 Daunius
853 75 984 109 Hor-ru

190 163 225 196 in
249 165 424 209 superiore
450 166 559 210 eapite
584 166 775 199 testimonia
800 166 974 199 attulimus
1006 175 1074 198 tam
1105 165 1170 198 sibi
1195 174 1325 198 contra-

192 225 258 266 ria,
293 236 330 259 ut
360 227 572 274 Hieronymo
604 229 793 261 satisfacere
825 229 966 273 possint.
1025 227 1079 261 Ait
1111 227 1234 260 deinde
1268 227 1327 259 liae

176 289 411 333 'responsione
442 303 538 322 usum
571 304 638 323 non
679 304 748 323 esse
787 291 993 337 Didymum,
1032 303 1101 322 non
1133 289 1328 322 Eusebium.

194 349 290 392 Quid
322 360 394 383 tum
425 351 562 385 autem?
601 352 656 390 δί,
693 365 778 396 quae
811 354 852 385 ab
886 352 1072 385 Haereticis
1097 352 1218 384 inserta
1242 360 1328 389 sunt,

193 413 336 454 benigna
362 413 641 458 interpretatione
674 414 822 457 mollivit
854 415 1040 460 Didymus,
1072 414 1127 445 vel
1151 425 1329 458 perperam

195 474 348 507 defendit
373 475 557 516 Eusebius3
588 475 614 507 si
642 475 813 521 objectum
841 476 1074 509 testimonium
1105 475 1238 507 solvere
1262 487 1331 506 ma-

195 536 343 577 luerunt,
370 539 462 582 quod
489 548 557 570 erat
582 538 614 570 in
640 547 788 582 promtu,
815 553 914 583 qnam
940 548 974 570 ut
1002 539 1123 570 salsum
1141 537 1331 582 repudiare,

194 599 285 642 quod
314 600 459 643 probatu
487 600 658 637 difficilius
684 610 770 640 erat,
803 601 957 633 minusne
990 600 1117 632 idcirco
1149 599 1274 631 incerta
1300 607 1332 630 et

194 660 378 692 adventitia
403 662 502 695 sunt?
542 662 629 694 Usus
663 671 733 694 erat
767 662 890 694 deinde
926 661 1065 694 Rufinus
1099 661 1243 693 aliorum
1269 660 1331 693 Pa-

193 730 283 754 trum
309 724 487 767 exemplo,
530 738 675 769 quorum
716 723 966 756 lucubrationes
1002 725 1135 756 fuerant
1177 723 1332 755 violatae.

195 784 254 816 Ait
278 797 359 816 vero
386 785 614 832 Hieronymus
640 788 811 826 futurum,
836 795 873 825 ut
900 785 925 818 si
952 786 985 817 id
1013 785 1235 825 concedatur,
1267 784 1332 830 jam

194 845 313 878 incerti
337 846 401 879 sint
426 847 592 880 librorum
618 858 792 888 auctores,
831 847 912 880 nihil
949 848 990 879 ad
1028 860 1085 879 eos
1117 847 1259 879 relatum
1292 847 1332 879 iri

196 907 252 952 qui
277 907 495 952 scripserunt,
520 911 577 941 sed
604 911 643 942 ad
664 910 1032 954 corruptores'omnia‚
1057 922 1094 941 ac
1119 922 1161 941 ne
1185 910 1225 941 ad
1253 909 1332 941 illos

195 970 343 1014 quidem,
369 984 444 1003 eum
472 971 576 1013 ignoti
601 972 676 1005 sint.
728 973 819 1004 »Hac
852 971 1075 1010 defensionis,
1104 970 1234 1015 inquit,
1259 984 1334 1015 per-

196 1033 400 1072 turbatione,
425 1046 487 1065 nec
512 1034 680 1072 Marcion,
703 1047 765 1066 nec
792 1033 1028 1072 Manichacus,
1051 1046 1113 1065 nec
1139 1032 1249 1072 Arius,
1273 1046 1333 1065 nec

196 1094 385 1127 Eunomius
411 1087 558 1127 accusari
584 1105 776 1139 poterunt«
828 1095 1035 1127 Attendisset
1060 1107 1140 1127 vero
1166 1094 1334 1140 Hierony—

197 1169 271 1188 mus
297 1157 338 1188 ad
364 1157 555 1201 superiora:
587 1157 705 1190 scribit
735 1157 876 1190 Rufinus
909 1157 984 1189 salsi
1010 1170 1048 1189 ea
1074 1169 1144 1189 esse
1169 1166 1334 1201 suspecta,

198 1218 319 1263 quibus
351 1219 415 1251 alia
452 1219 485 1250 in
515 1219 637 1251 eodem
662 1218 839 1263 Scriptore
864 1232 902 1251 ex
928 1219 1070 1251 adverso
1097 1218 1255 1263 opposita
1281 1231 1334 1251 ex-

197 1289 301 1312 stant:
327 1280 376 1312 his
402 1281 560 1313 duntaxat
586 1280 739 1313 salsitatis
756 1290 872 1313 notam
888 1280 1029 1325 apponit
1046 1281 1209 1314 Rufinus:
1236 1283 1332 1313 »Non

197 1343 299 1389 enim,
323 1342 435 1387 inquit
462 1343 584 1375 lnvect.
601 1342 630 1376 1.
656 1343 689 1374 in
715 1342 870 1383 Hieron„
894 1343 1096 1385 generaliter
1119 1343 1260 1387 promisi
1281 1357 1333 1375 me

197 1404 409 1448 prolaturum
436 1418 519 1449 qnae
545 1414 651 1437 essent
679 1405 758 1437 [idei
784 1405 962 1445 contraria,
987 1406 1045 1437 sed
1072 1418 1156 1449 quae
1180 1406 1246 1450 ipsi
1271 1406 1334 1438 sibi

198 1476 308 1498 essent
333 1468 545 1499 contraria:«
584 1466 707 1499 ideone
742 1481 847 1511 porro
881 1467 1000 1500 incerti
1035 1477 1134 1499 erunt
1167 1468 1332 1500 librorum

198 1536 363 1567 auctores,
387 1527 415 1560 si
441 1541 477 1560 ea
503 1529 660 1560 duntaxat
692 1529 759 1560 illis
790 1528 1046 1574 abjudicentur,
1078 1538 1163 1572 quae
1194 1529 1334 1573 reliquis

199 1589 459 1622 contradicunt?
491 1590 625 1634 ecquod
649 1590 724 1628 liine
749 1591 813 1622 sibi
839 1590 1064 1635 patrocinium
1083 1591 1252 1634 spondere
1272 1605 1334 1635 po-

197 1661 312 1684 terunt
343 1652 519 1690 Marcion,
554 1651 789 1691 Manichacus,
826 1662 860 1684 et
890 1652 971 1685 alii?
1008 1653 1096 1685 Tum
1130 1653 1249 1697 objicit
1270 1654 1333 1686 sihi

196 1713 447 1758 Hieronymus:
476 1713 685 1756 »Quomodo
712 1714 745 1746 in
771 1713 864 1756 libris
890 1726 1009 1747 eorum
1034 1715 1189 1758 (Patrum
1217 1715 1331 1748 Eccle-

197 1776 282 1818 siae)
308 1775 430 1808 vitiosa
454 1776 617 1808 nonnulla
640 1775 768 1808 sunt?«
796 1777 1009 1820 Respondet:
1044 1776 1101 1810 »Si
1125 1789 1180 1809 me
1205 1790 1334 1810 caussas

197 1837 359 1870 vitiorum
384 1838 512 1870 nescire
537 1839 766 1882 respondero,
797 1850 865 1871 non
890 1838 1001 1870 statim
1033 1839 1112 1870 illos
1137 1839 1334 1872 Haeretieus

196 1898 373 1945 judicabo:
399 1900 472 1932 fieri
498 1899 588 1931 enim
612 1909 745 1944 potest,
778 1910 815 1932 ut
840 1901 893 1932 vel
916 1899 1118 1944 simpliciter
1142 1900 1335 1939 erraverint,

197 1960 252 1992 vel
277 1961 346 1992 alio
372 1974 468 1993 sensu
493 1961 705 2005 scripserint,
736 1962 789 1993 vel
814 1975 832 1994 a
856 1962 1000 1994 librariis
1024 1961 1191 2006 imperitis
1216 1974 1334 1994 eorum

197 2022 360 2065 paulatim
393 2023 517 2067 scripta
548 2033 707 2067 corrupta
739 2023 823 2055 sint:
864 2024 917 2055 vel
949 2033 1058 2063 certe,
1095 2032 1272 2067 antequam
1300 2024 1332 2056 in

199 2084 410 2124 Alexandria,
435 2086 528 2129 quasi
555 2086 772 2117 daemonium
799 2086 1034 2125 meridianum,
1062 2085 1159 2118 Arius
1184 2098 1334 2117 nascere-

196 2156 263 2185 tur,
288 2146 487 2179 innocenter
511 2148 674 2191 quaedam
713 2157 746 2179 ‹·t
780 2147 890 2179 minus
923 2157 1018 2179 caute
1051 2147 1156 2179 locuti
1179 2156 1275 2186 sunt,
1300 2157 1331 2179 et

196 2220 281 2252 quae
306 2221 375 2240 non
406 2209 536 2252 possint
567 2222 805 2253 perversorum
838 2210 1014 2242 hominum
1049 2209 1248 2241 calumniam
1275 2209 1332 2240 de-

198 2269 356 2303 clinare«
406 2270 667 2303 Excusationem
695 2271 840 2315 accipio,
867 2285 926 2304 cur
948 2280 983 2303 tu
1010 2271 1148 2304 eandem
1176 2284 1237 2314 pro
1255 2271 1331 2302 Ori-
