1403 2492
154 98 222 135 230
487 103 598 138 Ρετιυ
622 104 795 139 Daunius
819 106 952 140 numu

158 203 226 234 quo
259 203 357 224 sensu
391 193 512 227 dixerit
543 196 706 228 mundum
738 205 882 241 propter
911 196 1040 229 animas
1070 195 1248 230 rationales
1273 210 1290 229 a

158 252 236 284 Deo
262 253 364 287 fuisse
387 256 584 299 conditum3
608 258 772 291 alterum:
800 260 850 291 An
865 258 1004 291 unicum
1022 258 1181 291 duntaxat
1197 271 1292 291 muu-

158 313 240 346 dum
267 328 393 349 creasse
417 318 572 359 antehac,
606 320 658 352 vel
689 320 831 364 posthac
854 330 1044 353 creaturum
1070 332 1140 352 esse
1165 331 1294 352 asseve-

158 377 292 410 raverit.
341 378 440 422 Quae
472 380 541 413 duo
572 382 761 426 quaerenda
793 382 856 415 sibi
885 381 1050 427 proponit
1074 381 1237 423 Origenes
1261 380 1294 413 in

160 438 262 472 tertio
300 441 410 486 capite
450 442 530 476 libri
563 445 606 477 ll.
648 447 730 489 περὶ
769 443 909 489 ἀρχῶν,
953 444 1046 489 quod
1082 443 1295 477 inscribitur:

163 499 237 533 »De
263 500 360 535 initio
385 505 503 539 mundi
528 515 560 538 et
586 506 708 540 caussis
732 506 813 553 ejus.
824 521 840 535 «
1013 547 1023 558 r

253 564 297 598 ll.
334 565 488 600 Primum
520 569 613 613 quod
638 568 766 608 attinet,
802 581 904 601 nemo
930 580 999 601 uon
1025 568 1118 601 videt
1141 579 1180 600 ex
1202 575 1296 599 ante-

162 625 297 658 cedenti
321 626 424 672 ipsius
449 629 602 662 doctrina
627 639 743 675 aptum
768 630 803 663 id
827 642 917 670 esse,
944 639 1137 663 naturarum
1160 628 1296 661 illarum

160 687 275 728 gratia,
301 702 385 734 quae
409 700 488 724 sunt
509 691 648 725 rationis
673 692 866 737 participes,
892 692 1087 725 munduma
1104 691 1181 724 Deo
1194 689 1296 723 fnisse

159 760 387 794 procreatum.
437 754 522 787 Cum
556 753 645 786 enim
679 754 804 787 animas
835 766 1038 799 quocunque
1070 763 1156 786 statu
1187 753 1297 785 collo-

162 821 253 844 catae
277 813 352 853 sint,
378 814 509 848 arbitrii
544 817 595 849 sui
628 816 783 849 libertate
815 817 856 849 ad
886 816 1096 861 peccandum
1127 815 1182 847 vel
1206 823 1298 847 recte

162 875 327 915 agendum
352 877 401 909 uti
427 878 590 918 volucrit,
616 888 649 911 et
674 892 737 923 pro
762 869 907 923 peccatis
935 878 1018 910 hanc
1048 878 1089 910 iis
1113 877 1296 919 irrogatum

163 935 204 968 iri
229 950 388 981 poenam,
412 949 450 972 ut
474 939 507 972 in
532 940 683 982 graviora
709 953 746 972 ac
773 940 931 973 crassiora
957 953 1100 985 corpora
1117 940 1298 972 amauden-

162 1009 228 1038 tur,
255 1013 326 1032 cam
355 1002 399 1033 ob
424 1014 495 1034 rem
521 1003 634 1035 dicere
667 1002 785 1034 debuit
817 1002 926 1043 gravia
962 1002 1020 1034 illa
1052 1014 1196 1046 corpora
1228 1002 1299 1033 sor·

161 1061 246 1094 mari
270 1075 287 1095 a
312 1063 402 1103 Deo,
429 1065 717 1108 quemadmodum
743 1064 906 1105 ergastula
937 1064 977 1096 ad
1002 1063 1197 1096 retinendos
1222 1076 1298 1095 reos

162 1133 414 1157 construuntur.
463 1126 611 1170 Copiosa
635 1127 676 1158 ad
701 1126 736 1158 id
766 1126 981 1170 probandum
1013 1124 1167 1167 Origenis
1198 1125 1299 1157 habe-

161 1193 217 1218 tur
241 1185 430 1220 dissertatio
456 1188 531 1221 libr.
557 1189 601 1221 ll.
627 1189 708 1233 περὶ
727 1187 860 1232 ἀρχῶν,
886 1200 957 1232 cap.
984 1186 1013 1221 1.
1065 1185 1178 1220 »Cum
1207 1199 1298 1229 ergo,

160 1246 272 1292 inquit
295 1261 386 1282 num.
413 1249 462 1290 1.,
492 1259 584 1283 tanta
613 1249 655 1282 sit
680 1249 797 1282 mundi
826 1251 986 1289 varietas,
1021 1258 1121 1293 atque
1153 1247 1187 1281 in
1217 1247 1298 1293 ipsis

161 1309 419 1344 rationabilibus
459 1302 682 1345 animantibus
723 1312 765 1344 sit
801 1320 892 1344 tanta
932 1311 1120 1352 diversitas,
1157 1320 1299 1356 propter

162 1385 263 1415 quam
289 1373 389 1406 etiam
416 1374 525 1406 omnis
550 1374 680 1418 reliqua
712 1373 852 1406 varietas
885 1386 922 1406 ac
954 1373 1127 1406 diversitas
1151 1373 1299 1417 putanda

161 1443 211 1466 est
236 1435 417 1468 exstitisse:
444 1450 544 1481 quam
569 1449 716 1469 caussam
748 1435 848 1468 aliam
875 1434 942 1467 dici
967 1434 1158 1479 oportebit,
1177 1434 1208 1480 ¹)
1235 1447 1299 1480 qua

159 1496 308 1528 muudus
339 1497 520 1538 exstiterit,
551 1497 733 1542 praecipue
775 1496 802 1529 si
832 1496 1024 1529 intueamur
1054 1496 1151 1529 illum
1184 1496 1298 1535 fmem,

159 1570 223 1601 per
247 1571 348 1602 quem
374 1558 486 1591 omnia
509 1558 717 1591 restituenda
740 1557 773 1591 in
798 1567 920 1590 statum
944 1557 1031 1590 initii
1054 1558 1105 1590 sui
1131 1557 1219 1590 libro
1244 1570 1298 1590 su-

160 1619 290 1663 periori
317 1620 496 1653 dissertum
522 1620 595 1654 est?
627 1620 733 1666 Quod
757 1620 874 1664 utique
906 1619 933 1652 si
969 1628 1215 1664 consequenter
1246 1619 1297 1651 di-

163 1690 254 1714 ctum
273 1682 416 1722 videtur,
441 1696 542 1728 quam
566 1682 676 1722 aliam,
702 1691 738 1714 ut
763 1681 916 1722 diximus,
931 1681 966 1725 ²)
992 1693 1142 1714 caussam
1166 1681 1298 1726 putabi-

160 1757 235 1777 mus
258 1754 369 1777 tantae
393 1744 490 1791 hujus
522 1745 640 1777 mundi
671 1743 888 1794 diversitatis,
919 1742 984 1775 nisi
1009 1742 1235 1776 diversitatem
1260 1756 1298 1776 ac

160 1806 357 1840 varietatem
381 1816 548 1847 motuum,
573 1820 610 1843 ac
635 1806 857 1851 prolapsuum
871 1805 904 1848 ³)
931 1817 1068 1844 eorum,
1093 1805 1149 1850 qui
1174 1806 1215 1838 ab
1239 1805 1298 1838 illa

161 1867 250 1901 initii
282 1869 410 1902 unitate
443 1879 543 1913 atquc
577 1867 790 1908 concordia,-
818 1866 851 1899 in
883 1879 946 1911 qua
980 1879 997 1898 a
1030 1867 1106 1900 Deo
1141 1867 1297 1912 primitus

160 1931 332 1974 procreati
365 1940 460 1971 sunt,
496 1929 744 1963 deciderunt?·‹
778 1928 905 1961 Eadem
920 1928 952 1973 ⁴)
986 1928 1066 1961 dicit
1098 1941 1169 1973 cap.
1194 1928 1224 1964 9.
1258 1929 1296 1961 li-

260 2090 290 2133 ')
315 2089 401 2123 Edd.
427 2090 560 2122 Huetii:
588 2088 776 2132 oportebat.

253 2146 288 2188 ²)
314 2145 400 2179 Edd.
425 2144 556 2178 Huetii:
584 2143 736 2176 dicimus.

255 2200 290 2243 3)
315 2200 402 2234 Edd.
427 2200 566 2233 Huetii:
592 2200 802 2244 prolapsum.

258 2259 292 2302 ⁴)
317 2259 404 2291 Edd.
430 2256 565 2289 Huetii:
594 2257 651 2288 »ln
678 2257 800 2289 codem
832 2256 1054 2299 pronuntiato
1087 2256 1133 2289 sic
1159 2256 1294 2289 conclu·

169 2303 217 2336 dit
242 2316 312 2347 cap.
337 2304 370 2338 8.
397 2302 471 2335 libri
498 2303 540 2334 ΙΙ.
569 2302 608 2333 dc
635 2301 804 2345 Princip.«
832 2310 895 2334 etc.
