1403 2492
379 94 690 126 offlessmmounm
722 92 833 124 Limia
861 92 903 124 ΙΙ.
1134 92 1198 127 153

65 182 189 216 Christi
215 182 396 215 dilucidius
422 182 652 227 explicaretur.
704 181 904 213 »Dcciarnri
931 181 1118 221 videmus‚«
1148 184 1198 215 in-

65 244 147 289 quit,
176 257 238 277 »ex
264 244 419 277 omnihus
445 243 630 276 certissimo
654 244 804 275 futurum
831 258 900 275 esse
928 244 1092 289 judicium
1118 246 1196 283 Dei,

68 307 160 351 cujus
184 307 312 351 species
336 316 374 338 ut
398 305 512 338 notior
534 305 728 337 hominibus
752 306 866 345 fieret,
890 305 1062 351 judicandi
1089 309 1199 340 forma

67 383 104 401 ex
129 369 179 407 iis,
205 381 290 413 quae
315 368 402 400 inter
427 367 578 400 homiues
603 375 772 408 geruntur,
797 377 940 400 assumta
966 379 1059 401 est:«
1098 379 1198 415 atque

67 430 111 463 ita
136 430 462 475 metaphorice-vult
491 429 632 469 intelligi
667 428 833 461 excelsum
865 428 954 462 illud
987 431 1109 464 Christi
1143 432 1200 464 tri-

67 492 179 531 huual,
205 501 237 524 et
260 491 427 536 reliquum
452 491 618 523 tremendi
645 490 735 523 illius
761 491 828 524 diei
853 501 1068 536 apparatum,
1100 493 1200 526 iilud-

65 566 130 598 que
155 554 313 586 duntaxat
336 554 535 586 tenendum:
565 552 748 585 »Judicem
774 554 926 586 omnium
949 554 1121 587 Christum
1145 569 1201 588 na-

65 625 137 648 tura
162 625 195 648 et
219 615 389 660 majestate
415 614 541 648 cunctis
558 615 588 658 ¹)
614 614 817 647 eminentem
845 615 1066 660 introspicere
1088 618 1200 656 corda,

67 686 98 709 et
123 677 360 710 conscientiam
386 676 613 718 singulorum,
637 676 849 709 manifestare
875 679 1024 716 occulta,
1050 688 1081 710 et
1106 680 1201 711 obte-

69 747 118 770 cta
145 732 305 779 revelare,
330 748 366 771 ut
391 748 423 770 et
449 738 546 770 bonis
571 739 699 771 actibus
725 739 858 771 laudem
884 739 1026 780 tribuat,
1063 750 1094 773 et
1120 742 1199 773 mali

67 813 230 844 poenam,
262 813 360 845 quam
391 809 581 839 meremur,
613 801 815 845 accipiam«
866 802 998 846 Nempe
1031 803 1202 845 allegoriis

65 862 131 894 suis
156 862 321 895 sincerum
346 862 432 894 illud
459 863 581 903 dogma
605 863 768 907 corrupit,
798 862 923 906 »Quod
938 864 971 895 in
990 865 1202 897 confessione

67 937 104 956 ac
128 924 339 968 professione
368 933 456 956 tenet
486 924 595 956 omnis
632 925 771 957 ecclesia
796 925 862 957 Dei
888 925 974 964 veri,
999 925 1062 969 (ait
1090 928 1201 968 Augu-

66 985 170 1018 stinus
198 986 255 1018 lib.
280 986 357 1017 XX.
383 986 424 1017 de
450 985 539 1018 civit.
564 986 631 1019 Dei
657 999 727 1030 cap.
755 988 815 1030 1.),
842 987 1011 1020 Chrismm
1036 988 1077 1020 de
1104 990 1202 1021 coelo

67 1060 136 1079 esse
167 1057 345 1080 venturum
383 1048 423 1079 ad
461 1047 554 1079 vivos
594 1057 627 1080 et
663 1058 817 1081 mortuos
848 1048 1095 1094 judicandos3«
1135 1065 1202 1082 non

68 1110 173 1141 modo
199 1122 261 1153 per
291 1109 356 1141 vim
389 1118 423 1140 et
453 1109 661 1154 majestatem
693 1123 785 1142 suam
818 1111 929 1143 omnia
963 1113 1204 1156 complentem,

69 1180 264 1215 mentesque
290 1170 441 1202 omnium
472 1171 744 1211 collustrantem‚
776 1181 808 1204 et
832 1172 864 1204 in
889 1182 1041 1205 actorum
1065 1187 1204 1206 suorum

70 1232 268 1264 memoriam
292 1241 565 1276 retorquentem3
589 1233 647 1264 sed
673 1246 817 1277 corpore
841 1244 1062 1278 praesentem,
1089 1245 1121 1268 et
1145 1236 1207 1268 ho-

74 1294 180 1327 mines
203 1293 377 1326 universos
402 1293 434 1325 in
458 1307 562 1325 unum
588 1294 821 1335 adducentem,
847 1306 881 1328 et
903 1309 1058 1341 suprema
1083 1310 1120 1329 ac
1146 1299 1203 1330 de—

73 1355 217 1388 cretoria
255 1354 418 1388 sementia
448 1368 500 1387 res
531 1356 709 1388 hominurn
743 1367 1018 1401 componentem.
1077 1362 1118 1391 At
1151 1360 1205 1392 hic

73 1430 207 1462 quoque
238 1416 510 1456 meminerimus,
546 1418 699 1449 nondum
741 1419 840 1451 certis
877 1420 997 1452 finibus
1030 1421 1204 1453 ecclesian·

72 1480 127 1512 has
152 1478 362 1523 quaestiones
387 1487 466 1511 tunc
492 1479 656 1522 temporis
680 1480 831 1524 sepsisse.

241 1700 608 1758 QUAEs'rlo
655 1687 1045 1752 UNDEfflMAj

342 1811 406 1843 DE
430 1811 598 1844 POENJS
624 1811 684 1844 ET
710 1812 942 1846 PRAEMHS.

79 1901 103 1933 l.
128 1899 282 1942 Origenis
306 1900 424 1946 opinio
451 1914 489 1933 ex
521 1901 623 1945 ipsius
654 1902 832 1948 principiis
857 1903 1048 1936 summatim
1073 1905 1209 1937 deduci-

80 1973 143 1995 tur.
200 1963 243 1995 II.
267 1962 397 1995 Eadem
433 1961 554 1996 deinde
594 1963 698 1996 fusius
731 1963 834 2008 ipsius
869 1966 977 1998 verbis
1012 1966 1214 1999 declaratur.'

83 2026 128 2055 Ac
154 2023 302 2067 primum
327 2024 368 2056 de
392 2024 521 2068 poeniS.
571 2025 698 2061 Omnes
731 2026 883 2059 homines
918 2027 991 2070 igne
1024 2028 1211 2061 examinan-

81 2085 141 2117 dos
167 2085 240 2117 sore
264 2084 383 2117 sensit:
418 2086 478 2118 III.
506 2086 628 2119 deinde
653 2087 686 2120 in
712 2088 799 2121 varia
824 2089 898 2121 loca
922 2104 985 2135 pro
1011 2090 1140 2123 meritis
1165 2081 1213 2123 diss

81 2146 282 2188 mittendos;
318 2146 375 2182 lV.
402 2160 438 2179 ac
465 2145 682 2192 t'orquendos.
730 2151 771 2183 V.
809 2150 936 2194 Quales
966 2165 1092 2196 poenas
1125 2153 1214 2184 futu-

177 2276 208 2318 ¹)
233 2275 317 2309 Edd.
344 2275 478 2308 Huetii:
506 2278 686 2311 »ceteris«
