1403 2492
417 79 726 111 Omcsmmonum
753 78 865 110 Lmen
894 78 934 110 ΙΙ.
1164 82 1229 115 205

189 167 368 200 Postremo
392 168 532 200 nimium
563 167 767 199 obterendae
784 165 1035 199 Valentinianae
1054 168 1229 201 haereseos

100 229 307 263 desiderium
332 229 470 271 Origeni
510 228 639 261 errandi
673 241 819 260 caussam
852 227 984 260 obtulit.
1044 229 1128 261 Nam
1153 243 1229 263 cum

102 291 153 323 illi
182 291 332 324 damnari
361 304 427 323 non
459 303 556 334 posse
589 290 782 328 crederent,
819 289 876 334 qui
910 299 1017 322 essent
1047 290 1229 334 spiritualis

100 362 256 394 naturae3
278 351 411 392 servari,
437 351 493 396 qui
517 360 687 391 terrenae3
710 360 743 382 et
765 350 852 383 inter
873 350 933 383 lios
954 351 1128 384 diabolum
1154 366 1230 385 cen-

100 423 222 455 serent,
245 413 379 456 angelos
403 413 489 445 inter
512 412 607 444 illos:
642 412 804 454 Origenes
828 412 860 444 in
887 412 1014 445 diversa
1039 413 1152 446 abiens
1178 428 1231 447 ce-

100 475 248 520 spitavit,
271 488 416 508 asserens
439 473 574 517 angelos
598 473 747 506 damnari
770 486 878 517 posse,
904 483 936 505 et
953 473 1082 518 aliquos
1106 489 1141 507 re
1160 476 1231 520 ipsa

101 537 303 581 quandoque
335 535 500 576 damnari3
537 534 713 567 diabolum
751 535 874 566 servari
905 548 1021 579 posse,
1053 546 1086 569 et
1115 550 1231 570 revera

100 607 267 631 servatum
291 597 470 642 aliquando
496 596 546 630 iri.

189 659 285 692 XXI.
332 658 474 691 Minime
501 671 579 700 ergo
604 658 729 690 mirum
754 667 802 690 est
832 659 1002 699 Platonis,
1034 659 1230 692 Platonico-

98 732 242 764 rumque
267 719 388 752 dictata
413 719 606 752 audientem
630 720 881 760 Adamantium,
906 730 938 752 et
957 720 1151 753 Christianis
1177 735 1230 754 ea-

98 783 178 814 dem
201 794 269 814 non
293 781 370 813 satis
396 790 488 813 caute
514 791 782 826 proponentem,
821 782 995 826 explosum
1027 796 1044 814 a
1076 783 1230 815 Patribus

96 856 138 876 ac
162 842 323 888 rejectum
347 843 460 876 fuisse.
506 843 670 875 Futuram
700 843 793 875 illam
820 843 946 876 diaboli
975 844 1229 877 conversionem

99 914 135 937 et
157 904 299 945 salutem
323 917 433 937 amare
459 905 536 936 huic
569 906 747 949 exprobrat
772 905 978 949 Epiphanius
1010 905 1043 936 in
1069 906 1163 950 epist.
1188 907 1229 938 ad

97 967 220 999 Joann.
245 966 414 1000 Hierosol.
440 980 510 1011 cap.
536 967 582 1006 3,
615 976 648 999 et
677 966 710 998 in
742 967 889 1012 Synopsi
915 966 1017 999 Tomi
1043 967 1073 1000 1.
1098 967 1229 999 Pauarii

97 1028 174 1061 libr.
199 1028 231 1062 2.
255 1041 328 1072 cap.
344 1028 394 1062 28.
441 1028 633 1072 Exprobrat
656 1037 690 1060 et
713 1028 924 1072 Theophilus
949 1028 1097 1061 Pasclnal.
1123 1028 1153 1062 2.
1180 1029 1229 1061 his

99 1089 227 1122 verbis:
253 1089 367 1122 »Talis
387 1099 503 1133 pastor
526 1082 630 1131 gregis
654 1089 802 1121 morbidi
821 1090 989 1122 Christum
1007 1090 1132 1134 ubique
1157 1104 1231 1131 sug-

97 1151 195 1192 gillat
219 1150 365 1195 injuriis,
400 1160 433 1182 et
465 1150 638 1182 diabolum
663 1151 792 1183 honore
817 1152 982 1190 sustollit,
1019 1152 1099 1183 dum
1131 1151 1229 1184 illum

99 1211 215 1244 asserit
238 1220 415 1255 purgatum
442 1211 527 1243 vitiis
554 1220 652 1256 atque
678 1212 822 1256 peccatis
847 1212 1020 1256 pristinam
1046 1212 1227 1257 aliquando

97 1273 240 1315 gloriam
265 1273 535 1318 recepturum,')
562 1283 595 1305 et
624 1273 713 1305 hunc
737 1287 871 1315 regnare
905 1275 1080 1313 desistere,
1112 1274 1229 1307 simul-

100 1347 165 1379 que
190 1347 265 1367 cnm
290 1335 428 1366 diabolo
453 1336 514 1367 sub
539 1335 646 1367 Patris
671 1335 816 1379 imperio
849 1335 1099 1377 redigendum«
1149 1337 1231 1369 Hie-

98 1409 258 1442 ronymus
281 1396 377 1440 epist.
402 1395 454 1430 59.
480 1397 521 1428 ad
545 1396 634 1429 Avit.
660 1409 731 1440 cap.
758 1397 786 1430 1.
813 1397 931 1429 dixisse
957 1410 1033 1429 eum
1060 1398 1228 1442 queritur:

100 1457 268 1491 »Omnem
284 1466 480 1497 creaturam,
504 1458 688 1489 secundum
707 1458 971 1502 Apostolum,²)
997 1459 1133 1491 vanitati
1158 1473 1228 1492 esse

96 1519 297 1565 subjectam,
328 1528 361 1550 et
391 1519 526 1551 liberari
557 1519 590 1551 in
614 1519 855 1551 revelationem
882 1520 1031 1552 filiorum
1056 1521 1168 1553 Dein<
1197 1532 1229 1554 et

97 1581 131 1614 in
157 1581 252 1626 epist.
277 1580 330 1615 61.
355 1581 396 1612 ad
422 1581 612 1614 pammach.
638 1594 708 1625 cap.
734 1580 765 1615 3.
815 1581 942 1624 »Quod
973 1582 1062 1614 dicat
1095 1592 1126 1615 et
1158 1584 1228 1616 dia—

96 1644 234 1683 bolum,
266 1652 298 1675 et
327 1643 507 1675 daemones
538 1652 670 1675 acturos
694 1643 938 1687 poeniteutiam
963 1643 1164 1688 aliquandO,
1196 1655 1228 1678 et

100 1718 174 1736 cum
200 1704 318 1736 sanctis
344 1703 465 1735 ultimo
491 1713 647 1747 tempore
672 1713 911 1746 regnatumsm
945 1707 1037 1749 quod
1065 1716 1097 1738 et
1122 1707 1228 1739 fusius

98 1766 243 1811 explicat
266 1778 338 1808 cap.
363 1765 405 1805 5.,
431 1774 463 1796 et
487 1764 520 1796 in
546 1765 642 1809 epist.
667 1764 720 1799 65.
746 1767 786 1798 ad
811 1767 1014 1806 Pammach.‚
1040 1777 1072 1799 et
1099 1768 1226 1801 Ocean.

99 1841 170 1872 cap.
196 1828 227 1861 2.
251 1826 389 1859 sensisse
425 1826 522 1858 illum
552 1826 620 1859 ait:
661 1827 763 1859 »Post
798 1827 902 1859 multa
941 1829 1089 1868 saecula,
1127 1839 1226 1874 atque

97 1902 196 1922 uuam
221 1888 373 1921 omnium
404 1888 666 1927 restitutionem,
703 1888 736 1921 id
770 1889 880 1932 ipsum
911 1890 984 1921 sore
1017 1890 1225 1931 Gabrielem,

97 1951 189 1995 quod
214 1950 404 1982 diabolum:
429 1949 593 1989 Paulum,
616 1951 707 1993 quod
734 1950 913 1994 Caipliam;
939 1951 1096 1992 virgines,
1134 1954 1226 1997 quod

99 2011 346 2056 prostibulas:«
375 2021 407 2044 et
424 2012 456 2044 in
473 2011 568 2056 epist.
587 2012 638 2046 75.
665 2012 706 2044 ad
726 2011 946 2054 vigilantium
960 2013 1075 2046 scribit
1095 2016 1226 2048 veniam

194 2201 225 2245 ¹)
251 2200 313 2233 Ed.
340 2200 443 2232 Ruaei
468 2213 661 2245 perperam:
691 2209 914 2246 recepturam.

191 2258 226 2300 ²)
252 2256 320 2289 Csr.
347 2257 444 2289 Rom.
472 2257 561 2297 Vlll,
586 2256 638 2291 20.
663 2255 716 2290 21.
