1403 2492
350 90 661 122 Omessuumonum
691 89 803 120 Lmen
829 87 871 119 11.
1113 87 1172 121 151

259 244 624 304 QUAESTIO
673 244 952 292 DECIMA.

311 356 376 389 DE
407 353 667 389 POSTREMO
695 333 888 389 lUchloss

41 445 65 476 l.
93 444 299 490 Exploratur
329 444 493 490 placitum
517 443 673 486 Origenis
705 443 761 476 de'
779 442 879 475 rebus
914 454 1073 486 supremo
1105 435 1179 474 Dei'

39 506 179 539 arbitrio
219 507 422 552 judicandis:
463 507 505 539 ΙΙ.
543 515 576 538 et
612 505 654 537 de
692 503 822 537 ratione
859 517 897 536 ac
938 502 1016 536 loco
1053 501 1171 549 judicii

514 567 689 612 postremi.

129 659 154 691 l.
200 660 417 692 Mortuerum
449 656 731 690 resurrectionem
763 668 959 700 supremum
992 655 1061 689 Dei
1086 654 1172 700 judi,-

39 720 127 752 cium
153 721 306 766 excipiet.
355 719 434 763 Quo
454 733 529 752 cum
554 719 747 760 ulciscenda
770 718 908 756 scelera,
933 718 1089 750 mercede
1114 730 1172 749 au—

37 790 104 814 tem
129 782 282 815 donanda
306 782 373 815 sint
396 790 487 814 recte
512 790 584 814 acta
615 790 649 813 et
683 780 842 821 virtutes,
881 779 1010 812 idcirco
1047 787 1175 812 statura

37 842 192 887 opinatus
221 853 271 877 est
301 843 486 885 Origenes,
523 854 743 888 quaecunque
782 841 837 873 vel
867 851 960 874 recte
996 840 1050 873 vel
1083 840 1172 873 male

35 906 164 947 agendo
187 907 348 950 praemia,
372 906 427 938 vel
451 904 618 950 supplicia
642 903 833 949 promereri
855 911 1008 947 possunt.
1062 902 1185 946 supe-1

36 965 104 1000 rius
127 976 238 1000 autem
264 967 472 1000 ostendimus
502 966 628 1008 angelis
660 966 789 1011 ipsum,
820 964 1006 1005 sideribus,
1040 977 1078 996 ac
1102 964 1172 996 ele-

34 1029 155 1061 mentis
178 1029 264 1061 bene
291 1031 342 1062 vel
367 1030 455 1061 male
484 1028 603 1070 agendi
627 1037 830 1074 potestatem
855 1026 1033 1059 affluxisse.
1083 1025 1172 1058 »Fu-

35 1098 149 1122 turum
175 1100 255 1130 est‚«
281 1091 391 1136 inquit
415 1090 545 1124 Homil.
574 1091 625 1125 1V.
651 1090 685 1122 in
710 1089 830 1122 Ezecb.
855 1102 948 1121 num.
976 1088 1024 1126 1.‚
1053 1096 1114 1120 »ut
1138 1085 1172 1118 in

35 1151 90 1183 die
114 1151 232 1197 judicii
254 1165 323 1185 non
346 1153 459 1185 solum
483 1153 607 1192 homo,
630 1152 688 1184 sed
715 1151 815 1184 etiam
838 1150 993 1183 universa
1020 1148 1172 1181 conditio

39 1212 253 1258 judicetu1·:«
295 1214 514 1256 »»Omnis¹)
554 1213 681 1258 quippe
714 1221 865 1244 creatura
897 1210 1115 1252 congemiscit
1140 1219 1186 1242 et.

38 1275 252 1308 condolet.««
302 1276 392 1309 Tum
423 1276 458 1308 in
488 1275 576 1308 hunc
611 1286 724 1306 rerum
756 1272 1010 1318 judicandarum
1036 1285 1172 1305 censum

37 1336 176 1382 conjicit
199 1338 354 1380 angelos,
378 1338 531 1377 coelum,
563 1349 715 1381 quaeque
745 1348 846 1380 supra
871 1345 905 1368 et
926 1336 1014 1368 infra
1038 1335 1173 1367 coelum

37 1408 124 1439 sunt,
147 1408 270 1432 terram
293 1399 413 1444 ipsam,
434 1408 468 1431 et
490 1402 611 1431 aerem.
660 1397 738 1441 Qua
762 1398 803 1430 de
830 1397 993 1442 opinione
1018 1397 1084 1428 late
1108 1395 1177 1439 (Ιίε-Δ

37 1460 212 1500 semimus,
236 1474 312 1494 cum
340 1461 383 1493 de
407 1460 532 1502 angelis
559 1469 593 1492 et
615 1460 657 1492 de
681 1459 848 1492 sideribus
871 1471 1055 1501 ageremus.
1084 1457 1173 1500 ,Qni-

37 1536 112 1556 nam
136 1532 311 1568 praeterea
333 1522 369 1555 in
398 1521 564 1568 judicium
600 1521 739 1557 sistendi
769 1522 857 1562 sint,
884 1521 1032 1564 ignorari
1063 1520 1176 1552 decla—

38 1595 104 1619 rat:
131 1585 282 1618 »Utrum
295 1593 408 1618 autem
423 1597 540 1623 omnes
550 1593 698 1627 gentes‚«
723 1583 833 1629 inquit
848 1584 1001 1624 Tractat.
1014 1582 1174 1617 XXXIV.

39 1648 72 1681 in
96 1647 217 1682 Matth.
240 1660 332 1680 num.
357 1646 421 1687 7Ο.,
447 1647 508 1679 »ab
534 1646 702 1688 omnibus,
728 1659 812 1690 quae
835 1645 870 1678 in
895 1644 1052 1678 omnibus
1075 1655 1177 1685 gene-

39 1709 224 1743 rationibus
246 1709 394 1749 fuerint‚
425 1718 484 1741 aut
505 1708 585 1741 illae
609 1717 757 1748 tantum,
790 1719 874 1752 quae
904 1707 939 1740 in
964 1718 1177 1747 consumma-

40 1771 132 1805 tione
156 1771 282 1804 suerint
308 1770 501 1810 derelictae,
529 1779 587 1802 aut
618 1769 697 1801 illae
722 1779 870 1809 tantum,
906 1782 1001 1813 quae,
1023 1768 1176 1800 credide-

42 1842 120 1866 runt
140 1833 175 1870 in
198 1833 313 1866 Deum
336 1846 398 1877 per
423 1832 610 1873 Christum3
648 1840 681 1863 et
704 1831 796 1875 ipsae
820 1841 934 1864 utrum
960 1843 1096 1869 omnes,
1119 1843 1173 1862 nn

43 1908 110 1928 non
136 1907 263 1933 omnes,
286 1908 355 1927 non
380 1895 457 1927 satis
479 1904 527 1927 est
552 1894 797 1927 manifestum«
840 1893 893 1924 De
926 1893 1047 1925 eodem
1074 1894 1173 1924 etiam

42 1956 181 1997 ambigit
220 1956 363 1989 Tractat.
395 1957 505 1989 XXX.
543 1956 584 1997 in>
612 1956 701 1989 iden*
739 1955 958 1996 Evangelium
997 1968 1086 1987 num.
1120 1956 1182 1989 51„

47 2023 88 2051 At
119 2018 153 2050 in
188 2030 298 2050 veram
332 2027 443 2050 tamen
481 2028 514 2051 et
546 2019 771 2058 orthodoxam
803 2018 1000 2050 seutentiam
1042 2018 1177 2050 videtin·

43 2081 230 2113 concedere
266 2079 404 2120 lihnjl.
434 2080 468 2112 in
500 2080 596 2125 epist.
627 2081 669 2113 ad
688 2082 792 2120 Rom.
823 2094 916 2113 num.
933 2074 990 2120 4.,
1018 2080 1065 2125 (si
1093 2093 1176 2124 qum·

44 2142 157 2175 Rufini
177 2141 448 2186 interpretationi
463 2142 546 2176 fides
558 2143 707 2176 habenda
724 2146 802 2187 est),
828 2155 1012 2187 omnesque
1037 2142 1177 2175 omnino

142 2282 172 2322 ¹)
199 2280 269 2314 Ct'r.
300 2281 397 2318 Rom,
424 2283 516 2321 Vltl,
541 2283 584 2316 22
