1403 2492
186 62 228 97 12
517 63 628 98 Pei-m
660 64 835 98 Dmmns
858 65 990 99 Hussrn

183 161 217 185 et
248 153 415 197 spirituali
447 155 566 187 modo.
621 155 828 189 Germanum
853 156 941 189 hunc
969 168 1039 189 esse
1064 155 1220 199 Origenis
1243 169 1319 191 sen-

182 227 273 255 sum,
304 229 343 248 ex
375 215 478 249 totius
511 216 578 249 loci
610 226 734 250 attenta
766 218 912 252 lectione
943 218 1160 261 intelligitur,
1195 219 1255 252 aed
1279 231 1318 252 ex

184 291 226 310 eo
252 278 467 323 praesertim,
498 280 591 324 quod
623 279 822 324 qualitatum
846 280 980 313 illarum
1016 279 1140 313 variam
1165 293 1203 313 ac
1227 279 1318 313 inae-

181 341 316 386 qualem
342 341 626 386 dispensationem
652 355 780 375 caussas
805 352 916 375 ortum
942 343 1182 388 praecedentes
1194 342 1317 374 habere

181 403 277 438 dixit.
326 404 408 436 Inde
433 403 522 436 enim
548 403 722 446 colligitur
751 403 936 437 animarum
962 401 1202 449 προΰπαρξις,
1233 416 1317 449 quae

182 479 259 498 cum
285 466 469 499 animarum
494 466 739 511 propagatione
765 479 803 498 ex
826 466 964 499 traduce
989 475 1075 499 stare
1099 479 1168 499 non
1191 475 1316 510 potest.

179 528 256 561 Huc
281 528 366 561 adde
391 529 584 573 frequentes
616 527 772 570 Origenis
798 528 974 561 adversum
1001 528 1085 561 hanc
1115 527 1316 561 sententiam

179 605 352 630 excursus,
391 604 535 636 quorum
568 590 595 622 si
628 603 704 623 eum
737 590 802 636 jam
834 590 1006 635 poenitet,
1041 590 1166 623 nimiae
1197 590 1315 634 utique

178 653 439 692 inconstantiae,
471 662 503 685 et
527 662 621 685 tanto
648 652 720 685 viro
746 652 900 695 indignae
924 666 999 686 reus
1024 653 1138 687 suerit.
1184 653 1316 686 Suffra-

177 725 296 758 gantur
335 715 411 747 huic
453 714 675 759 expositioni,
719 728 803 760 quae
842 715 982 757 legimus
1020 715 1120 749 Tom.
1145 715 1241 748 ΧΙῙῘ.
1281 715 1314 748 in

176 779 298 812 Joann.
332 791 422 811 num.
448 776 501 812 43.
551 776 600 811 Τὸ
643 778 680 811 δὲ·
715 776 788 811 ἀπὸ
825 779 896 811 τῶν
927 778 1088 821 ψαλμῶν
1120 778 1223 813 δοκεῖ
1249 790 1312 821 Ιιιοι

177 841 314 884 δηλοῦν
353 842 435 885 περὶ
472 841 532 883 τῆς
571 837 733 874 καθόλου
766 841 839 873 τῶν
871 838 1134 885 εὕγενεστέρων
1172 840 1314 885 ψυχῶν,

175 905 491 948 παραγενομένων
527 904 576 940 εἰς
613 901 677 936 τὸν
712 904 795 946 βίον
828 903 956 936 τοῦτον
985 900 1078 948 μετὰ
1099 904 1170 936 τῶν
1195 913 1314 946 σωτη-

175 967 264 1010 ρίων
289 963 525 1008 σπερμάτων,
553 966 613 998 καὶ
638 962 951 1009 παραγενομένων
984 977 1024 1009 γε
1059 965 1172 999 οἱονεὶ
1199 963 1313 998 ἀκου-

177 1031 263 1066 σίως
279 1026 370 1071 μετὰ
389 1027 609 1072 στεναγμοῦ,
636 1027 942 1074 ἕπανερχομένων
959 1027 998 1062 δὲ
1022 1027 1062 1062 ἐν
1083 1024 1310 1071 ἀγαλλιάσει,

176 1088 237 1123 διὰ
263 1088 302 1123 τὸ
327 1091 444 1128 καλῶς
467 1092 734 1135 γεωργηκένιιι,
762 1092 820 1123 καὶ
849 1088 1054 1133 ηἰ-ξηκέιάι,
1085 1092 1146 1123 καὶ
1170 1091 1312 1132 πεπλη-

173 1154 348 1196 θι·γκένιιι
374 1150 417 1185 τὰ
443 1155 651 1196 σπέρματα,
675 1152 756 1196 μεθ’
785 1145 837 1185 ὧν
861 1151 1090 1194 ἐληλύθασιν.

263 1214 302 1246 V.
340 1213 530 1247 Institutam
555 1226 660 1258 porro
690 1213 724 1246 in
749 1213 862 1246 animo
887 1213 1084 1258 opinionem
1108 1225 1315 1258 persequens

174 1275 356 1317 Origenes,
394 1276 436 1307 ad
465 1275 640 1319 superiora
670 1275 757 1308 illud
783 1288 920 1320 quoque
948 1275 1089 1321 adjecit,
1126 1284 1254 1308 mentes
1277 1274 1312 1307 in

173 1337 270 1383 pejus
296 1337 448 1381 delapsas
471 1336 600 1369 idcirco
628 1336 748 1382 ψυχάς
770 1337 874 1370 fuisse
898 1337 1022 1377 dictas,
1046 1337 1139 1382 quod
1163 1337 1312 1382 ipsarum

172 1399 307 1444 pietatis
333 1408 365 1431 et
390 1398 533 1432 caritatis
558 1399 673 1432 fervor
702 1398 880 1431 refrixerit.
929 1399 1021 1432 Haec
1045 1399 1210 1431 habentur
1233 1398 1310 1432 libr.

174 1461 218 1494 II.
243 1464 326 1507 περὶ
353 1461 492 1506 ἀρχῶν,
525 1475 596 1506 cap.
620 1461 651 1496 8.
683 1475 775 1494 num.
801 1461 849 1502 3.,
881 1461 941 1493 ubi
965 1461 1078 1493 Deum
1104 1460 1216 1502 ignem
1241 1473 1311 1494 esse

174 1523 293 1564 docet,
327 1523 443 1566 igneos
475 1524 629 1566 angelos,
661 1524 827 1569 nobisque
856 1523 938 1568 ipsis
968 1522 1090 1567 spiritu
1121 1532 1159 1555 ut.
1183 1523 1312 1556 fervea-

170 1599 245 1619 mus
269 1586 439 1631 praecipi,
468 1587 495 1619 si
520 1587 626 1620 modo
650 1587 728 1620 Deo
754 1587 887 1631 placere
913 1584 1074 1618 velimus:
1104 1584 1231 1630 impios
1255 1597 1312 1617 au-

169 1657 258 1688 tem,
283 1648 424 1690 frigidos
450 1658 482 1680 et
507 1662 576 1681 esse
600 1652 635 1681 'et
661 1648 745 1690 dici;
771 1648 946 1681 diabolum
970 1647 1081 1693 ipsum
1105 1647 1251 1680 dracone
1268 1660 1310 1680 eo

170 1710 367 1752 significari,
396 1709 452 1755 qui
476 1710 511 1742 in
536 1710 620 1743 mari
644 1724 781 1754 regnare
806 1710 939 1744 dicitur.
988 1710 1078 1743 Tum
1102 1708 1148 1742 ita
1172 1709 1309 1742 conclu-

171 1771 238 1805 dit:
273 1772 331 1806 „Si
357 1785 436 1814 ergo
463 1784 517 1812 ea,
549 1785 634 1817 quae
665 1767 778 1806 sancta
801 1782 896 1812 sunt,
928 1781 961 1805 et
990 1771 1088 1813 ignis,
1126 1780 1160 1804 et
1184 1772 1309 1811 lumen,

171 1844 206 1867 et
228 1834 393 1867 ferventia
414 1828 650 1877 nomin-‘tntum
675 1848 760 1880 quae
783 1844 896 1867 autern
915 1832 1082 1867 contraria
1097 1842 1174 1865 sunt
1190 1832 1223 1878 ¹)
1251 1832 1311 1866 fri-

171 1895 268 1938 gida,
305 1905 338 1929 et
372 1895 488 1929 caritas
512 1906 653 1941 peccato
680 1897 806 1930 dicitur
829 1895 1028 1938 frigescere,
1065 1894 1308 1940 requirendum

169 1967 235 1998 est,
260 1970 302 1990 ne
326 1959 415 1991 sorte
441 1967 474 1990 et
488 1971 614 1992 nomen
637 1958 778 1999 animae,
802 1971 886 2003 quae
904 1957 1034 1991 Graece
1053 1956 1179 1990 dicitur
1198 1954 1309 2002 ψυχή,

170 2033 188 2052 a
213 2019 463 2063 refrigescendo
482 2020 517 2065 ²)
551 2021 592 2054 de
623 2030 710 2054 statu
742 2020 908 2054 diviniore
940 2033 978 2053 ac
1007 2019 1151 2053 meliore
1178 2019 1306 2052 dictum

268 2206 299 2249 ¹)
323 2206 429 2239 Deest
456 2215 570 2239 »sunt«
599 2205 633 2239 in
659 2207 736 2240 edd.
762 2208 803 2241 H.

266 2262 299 2306 Ἰ)
325 2262 413 2295 Edd.
440 2262 572 2296 Huetii:
602 2263 865 2303 »frigescendo«.
