1403 2492
162 85 230 122 328
496 89 609 125 Pam
638 90 814 123 DAmEus
838 89 972 124 Hue'ru

165 185 198 209 et
221 177 393 220 MarcelL,
418 181 631 214 Anastasium
656 182 849 214 Romanum
874 179 1098 219 Pontificem,
1130 181 1305 226 Theophi-

165 238 236 271 lum
263 241 550 283 Alexandrinum,
583 244 767 276 Venerium
799 243 1112 281 Mediolanensem,
1143 243 1306 276 Chroma-

163 300 250 332 tium
277 302 548 348 Aquileiense—m,
584 315 618 338 et
644 318 781 337 omnem
806 314 874 337 tam
900 304 1052 337 Orientis
1080 317 1179 349 quam
1205 304 1307 338 Occi-

167 362 277 395 dentis
303 364 562 399 catholicorum
589 368 757 413 synodum
783 368 856 411 pari
887 366 1053 399 sententia
1085 375 1118 398 et
1142 366 1214 411 pari
1238 365 1306 410 spi-

166 423 233 455 ritu
257 424 465 460 haereticum
490 429 588 461 illum
615 429 848 461 denuntiasse:
874 442 942 473 quo
969 423 1051 461 eum*
1071 428 1143 472 ipse
1169 441 1307 473 quoque

166 484 269 518 titulo
295 487 443 523 infamat.
492 491 706 536 Theophilus
731 491 883 537 Hydram
908 503 985 522 eum
1012 489 1165 522 omniurn
1193 490 1308 522 haere-

165 559 248 580 seon
275 558 307 582 ct
332 552 455 584 erroris
479 553 674 595 magistrum
699 565 737 585 ac
757 552 948 597 principem
964 551 1117 584 nominat
1133 551 1308 590 Pasch.1.,

167 612 459 653 quemadmodum
493 625 526 648 et
559 616 708 648 Zonaras
739 615 772 648 in
799 614 921 648 Decio.
977 614 1133 647 Gelasius
1157 613 1249 657 Papa
1273 612 1307 645 in

168 671 324 706 Romano
356 675 514 709 Concilio
556 677 814 710 Schismaticum
858 688 934 708 eum
972 675 1135 720 appellat.
1192 674 1310 707 Antio·

167 734 273 768 chena
303 737 499 781 Ephrassmii
529 740 678 784 synodus
709 740 885 772 anathema
922 737 1007 770 dixit
1038 736 1196 779 Origeni;
1227 736 1310 768 dixit

170 804 203 827 et
229 796 357 839 Quinta
383 800 600 834 Universalis.
649 803 687 834 ln
721 814 758 834 ea
783 810 896 833 autem
930 808 1007 832 ante
1040 798 1154 831 omnia
1178 797 1309 843 quaesi-

169 865 242 890 tum
265 871 378 894 narrat
391 862 551 905 Evagrius
577 863 652 896 libr.
668 864 724 896 lV.
749 876 820 907 cap.
839 861 906 910 383,
930 871 1043 894 utrum
1065 859 1219 892 homines
1243 859 1307 905 jam

169 920 235 953 vita
266 922 374 956 functi
411 925 631 958 anathematis
667 924 788 969 subjici
823 924 972 968 possint:
1010 921 1215 968 Eutychius,
1251 921 1310 966 qui

170 982 333 1028 episcopo
361 989 528 1019 Amaseno
555 997 625 1019 erat
649 1000 666 1020 a
691 987 878 1031 responsis,
904 994 937 1017 et
962 985 1194 1030 episcopatum
1219 983 1310 1016 Cou-

169 1046 441 1091 stantinopoleos
465 1049 687 1092 postmodum
713 1049 855 1092 adeptus
886 1056 951 1086 est,
985 1045 1219 1091 quaestionem
1241 1046 1311 1078 sol-

170 1106 220 1138 vit
244 1111 401 1154 exemplo
426 1110 543 1142 Josiae
567 1110 670 1152 regis,
702 1111 760 1154 qui
793 1121 863 1141 non
895 1109 1101 1141 daemonum
1124 1107 1237 1140 solum
1260 1119 1311 1140 sa-

171 1170 327 1203 cerdotes
350 1172 534 1212 interfecit,
558 1173 617 1205 sed
641 1181 857 1204 mortuorum
883 1170 985 1203 etiam
1010 1169 1144 1202 loculos
1167 1169 1311 1202 refodit:

171 1232 265 1274 quod
291 1245 411 1277 magno
437 1235 611 1274 omnium,
635 1235 694 1266 sed
717 1232 899 1266 «Iustiniani
923 1231 1124 1276 praesertim
1147 1232 1311 1276 applausu

173 1305 350 1338 exceptum
377 1306 435 1329 est.
485 1299 605 1341 Neque
636 1296 760 1336 semel,
799 1296 859 1328 sed
898 1294 1022 1327 iterum
1053 1293 1245 1338 iterumque
1277 1293 1310 1324 iu

173 1355 271 1388 variis
303 1358 424 1403 synodi
453 1359 551 1403 hujus
585 1358 775 1391 actionibus
806 1357 841 1389 id
874 1356 1099 1401 disceptatum
1132 1365 1202 1399 est3
1232 1368 1312 1400 quas

174 1417 438 1462 disceptationes
451 1421 644 1453 summatim
666 1420 784 1452 retulit
799 1418 979 1452 Gratianus
1003 1419 1140 1450 Decret.
1165 1417 1255 1450 Part.
1270 1418 1312 1450 ll.

175 1478 288 1512 Causs.
314 1480 368 1514 24.
418 1482 559 1524 Quaest.
585 1482 628 1521 2.,
653 1482 872 1526 decrevitque
898 1482 1035 1513 demum
1060 1480 1208 1526 synodus
1224 1479 1313 1512 Hae-

173 1541 299 1573 reticos
326 1553 358 1575 et
383 1543 417 1575 in
443 1543 510 1576 vita
535 1553 567 1575 et
591 1554 669 1588 post
693 1552 840 1575 mortem
864 1541 1084 1575 anathematis
1109 1536 1180 1574 esse
1205 1543 1313 1573 obno-

172 1603 257 1638 xios.
305 1605 422 1649 ltaque
445 1605 654 1638 anathemate
679 1605 854 1649 perculsus
886 1604 927 1635 ab
959 1615 1015 1644 ea,
1048 1612 1084 1635 et
1113 1603 1312 1636 Haereticus

175 1664 339 1707 Origenes
372 1667 563 1711 appellatus
596 1676 655 1699 est.
713 1666 818 1709 Quod
849 1679 867 1698 a
898 1674 990 1698 sexta
1012 1665 1157 1697 subinde
1180 1666 1310 1711 synodo

173 1726 239 1759 fuit
263 1729 508 1772 approbatum:
532 1741 610 1761 narn
636 1728 733 1773 hujus
757 1727 846 1760 inter
860 1730 944 1761 Acta
966 1728 1071 1760 relata
1095 1736 1143 1760 est
1158 1727 1313 1772 Sophro-

173 1788 222 1821 nii
246 1790 288 1822 ad
314 1790 471 1831 Sergium
497 1790 658 1835 epistola,
689 1803 755 1835 qua
789 1791 913 1823 eodem
940 1789 1159 1823 Adamantius
1181 1790 1313 1834 appeti-

173 1861 230 1883 tur
253 1852 455 1893 maledict03
488 1862 522 1885 et
546 1853 692 1886 Actione
717 1852 751 1887 8.
784 1852 951 1896 repetitur
980 1851 1148 1897 professio
1183 1851 1265 1884 fidei
1295 1865 1312 1883 a

175 1913 326 1946 Macario
361 1914 577 1947 Antiocheno
611 1915 724 1947 oblata
765 1913 987 1947 Constantino
1026 1913 1241 1958 imperatori,
1279 1913 1312 1945 in

176 1988 240 2019 qua
265 1976 401 2009 damnat
415 1976 609 2019 Origenem,
633 1976 835 2022 Didymum,
859 1985 892 2008 et
908 1975 1101 2017 Evagrium,
1126 1987 1313 2019 eorumque

176 2037 417 2079 deliramenta;
452 2048 485 2071 et
516 2039 659 2071 Actione
694 2038 746 2072 17.
781 2047 814 2070 et
844 2037 897 2075 18.
936 2038 1102 2083 probatur
1138 2036 1313 2070 anathema

177 2099 317 2141 Origeni
342 2113 360 2133 a
382 2102 496 2145 quinta
519 2101 650 2147 synodo
676 2100 861 2140 inflictum,
893 2109 926 2132 et
949 2099 984 2132 in
1009 2099 1122 2132 edicto
1149 2099 1312 2132 Constan-

177 2163 240 2195 tini
263 2162 477 2207 imperatoris
505 2163 548 2194 ad
572 2162 742 2206 populum
766 2161 975 2194 habitantem
998 2161 1032 2194 in
1051 2160 1215 2195 occiduis
1238 2173 1314 2204 par-

176 2225 284 2266 tibus3
309 2225 474 2268 probatur
499 2223 644 2268 denique
668 2223 702 2256 in
727 2237 779 2268 ep.
804 2223 928 2257 Leonis
952 2223 996 2256 Il.
1020 2223 1133 2267 Papae
1156 2222 1198 2254 ad
1223 2221 1312 2254 Con-

178 2286 369 2319 stantinum.
419 2286 598 2319 Facundus
629 2295 819 2330 praeterea,
850 2285 908 2330 qui
939 2285 1042 2318 trium
1074 2283 1310 2328 capitulorum

285 2412 299 2420 ο

1378 0 1393 105 ‘UD‘
