1403 2492
526 57 715 90 Excuasus
1128 57 1194 93 339

55 146 230 194 φρόνημά
258 149 329 182 ἐστι
356 149 417 191 τῆς
441 145 583 192 σαρκός.
637 146 802 178 Libenter
837 146 965 178 Huetio
997 146 1194 187 adsentirer,

54 211 81 244 si
107 210 141 243 id
165 219 295 243 tantum
321 209 433 248 vellet,
460 209 616 241 mandata
641 208 708 240 Dei
733 209 774 240 ab
795 206 944 248 Origene
969 207 1195 252 impossibilia

55 272 168 312 asseri,
192 271 256 304 nisi
281 270 367 303 adsit
390 270 513 312 gratia3
537 271 595 303 sed
622 269 756 312 nescio,
791 270 967 314 quomodo
994 269 1045 302 vir
1069 270 1195 303 doctis—

52 334 156 366 simus
179 333 268 364 hune
291 331 527 364 stultissimum
561 344 711 364 errorem
744 331 886 374 Origeni
914 331 1083 364 affinxerit
1106 332 1194 365 insra

51 409 142 428 nurn.
166 394 235 434 21„
270 393 461 438 praeceptis
487 393 607 426 divinis
631 406 764 426 morem
788 393 859 435 geri
882 406 952 425 non
975 407 1086 438 posse.
1133 393 1194 427 Ni-

52 457 101 489 hil
125 456 192 498 agit
230 456 326 488 locus
358 457 399 488 ab
431 468 472 488 eo
505 456 705 499 depromtus
737 468 774 487 ex
807 455 866 487 lib.
892 456 933 488 ΙΙ.
966 455 1123 498 Origenis
1157 455 1192 488 in

51 532 105 564 ep.
130 519 172 551 ad
196 519 381 558 Romanos,
406 517 465 549 ubi
493 517 605 557 docet,
631 517 740 559 legem
757 518 944 550 secundum
962 517 1097 551 literam
1122 530 1192 551 non

49 594 149 626 posse
175 580 300 613 habere
324 581 509 620 factorem;
542 589 577 611 et
601 579 776 612 veritatem
807 579 841 611 in
866 579 1023 613 omnibus
1047 593 1192 620 servare,

48 643 213 675 humanae
237 651 377 675 naturae
401 655 488 686 pene
514 641 727 686 impossibile
752 653 841 674 esse:
875 655 1021 687 quorum
1046 643 1190 676 alterum

49 705 91 737 de
115 705 177 737 illo
202 703 280 750 jugo
296 704 567 745 intelligendum,
595 704 688 748 quod
712 717 775 736 nec
787 704 959 749 Apostoli,
983 717 1047 737 nec
1072 718 1190 737 eorum

47 777 158 812 patres
183 776 319 811 portare
343 775 536 810 potuerant,
560 774 598 798 ut
623 764 669 797 ait
692 765 813 797 Petrus
837 767 912 798 Act.
937 766 1018 807 XV,
1044 766 1116 806 10.,
1141 767 1188 798 al-

46 839 157 861 terum
191 841 273 860 vero
304 829 345 860 ab
373 827 448 872 ipso
487 828 635 869 Origene
673 827 823 860 adhibita
854 829 999 872 quadam
1031 829 1189 861 emenda-

46 890 140 923 tione
166 890 308 929 lenitur,
346 890 400 922 vel
432 889 532 922 etiam
567 890 608 922 de
635 898 764 929 natura,
789 903 889 934 quam
913 888 1050 935 adjuvat
1074 889 1188 931 gratia,

45 951 154 996 accipi
177 965 246 984 non
272 951 384 983 debet.
441 950 605 984 Constans
639 960 728 983 certe
755 951 911 994 Origenis
942 951 1097 984 doctrina
1128 961 1188 992 est,

45 1014 202 1046 mandata
227 1026 244 1046 a
269 1012 367 1045 nobis
393 1012 574 1056 adimpleri
598 1025 710 1056 posse,
734 1013 762 1045 si
787 1013 874 1046 adsit
894 1013 1007 1056 gratia.
1049 1014 1090 1046 Id
1108 1026 1188 1046 con-

45 1077 157 1108 firmat
180 1075 309 1109 Homil.
333 1075 447 1108 Xvu.
472 1073 506 1106 in
530 1075 656 1107 Jerem.
681 1087 773 1108 num.
798 1075 830 1109 4.
868 1074 1010 1123 ’Ὠσπερ
1036 1074 1186 1110 αὐτοδι-

45 1135 220 1180 καιοσὺνη
246 1138 346 1171 ἐστὶν
382 1135 399 1171 ὁ
435 1136 570 1182 σωτὴρ,
611 1135 875 1180 αὑτοαλήθεια,
902 1136 1184 1182 αὐτοαγιασμὸς,

44 1198 157 1238 οὕτως
183 1196 457 1244 αὑτουπομονή.
505 1201 580 1232 Καὶ
613 1197 680 1232 οὐκ
710 1199 809 1233 ἔστιν
840 1195 921 1233 οὔτε
952 1200 1098 1234 δίκαιον
1131 1195 1186 1234 εἷ-

45 1274 104 1295 ναι.
125 1262 237 1305 χωρὶς
261 1261 437 1305 Χριστοῦ,
464 1256 545 1295 οὕτε
570 1258 680 1305 ἅγιον
698 1262 813 1307 χωρὶς
829 1260 956 1305 αὑτοῦ,
983 1257 1064 1297 οὔτε
1089 1259 1186 1296 ὑπο-

42 1325 168 1367 μένειν
192 1321 242 1367 μὴ
271 1321 434 1367 Χριστὸν
459 1322 602 1366 ἔχοντα.

131 1384 172 1418 V.
219 1383 271 1416 Ex
300 1382 351 1415 his
380 1383 525 1425 intelligi
560 1392 693 1428 potest,
733 1384 827 1428 quod
865 1383 913 1417 ait
943 1384 1044 1417 Tom.
1074 1385 1119 1417 X.
1151 1385 1185 1418 in

43 1446 164 1479 Matth.
189 1459 282 1478 num.
309 1445 364 1480 19.
416 1446 568 1491 »Narn¹)
595 1445 656 1478 etsi
682 1445 756 1490 quis
781 1445 845 1478 erit
870 1455 1122 1480 consummatus
1148 1446 1183 1480 in

40 1509 108 1540 fide
132 1507 221 1540 inter
243 1506 334 1539 filios
359 1507 554 1547 hominum,
586 1507 613 1540 si
646 1509 687 1540 ab
714 1508 775 1540 illo
809 1507 955 1540 abfuerit
988 1507 1091 1541 virtus
1115 1517 1183 1550 tua,

39 1570 74 1603 in
98 1569 242 1602 nihilum
266 1569 536 1614 computabitur:
568 1579 625 1602 aut
650 1579 902 1603 consummatus
932 1570 967 1602 iu
991 1579 1183 1614 temperan-

40 1631 98 1670 tia,
123 1640 286 1675 qnantum
310 1631 383 1674 quis
409 1631 497 1663 inter
520 1631 610 1664 filios
624 1631 801 1664 hominum
827 1645 896 1664 esse
922 1641 1047 1676 potest,
1072 1632 1100 1664 si
1124 1633 1183 1665 ab·

41 1692 145 1726 fuerit
169 1692 393 1737 temperantia
416 1702 483 1733 tua,
510 1692 543 1725 in
565 1692 710 1725 nihilum
727 1693 997 1738 computabitur:
1023 1703 1081 1727 aut
1101 1707 1182 1727 con-

40 1765 225 1788 summatus
250 1754 284 1786 in
309 1753 445 1799 justitia,
471 1764 505 1786 et
528 1754 668 1799 reliquis
694 1755 887 1798 virtutibus,
913 1755 940 1787 si
961 1755 1107 1788 abfuerit
1130 1756 1181 1803 ju-

40 1817 128 1850 stitia
154 1826 221 1857 tua,
247 1825 280 1848 et
304 1816 453 1860 reliquae
480 1816 637 1856 virtutes,
662 1816 695 1849 in
720 1817 865 1849 nihilum
892 1817 1177 1861 computabitur.«

42 1880 134 1913 Haec
164 1892 234 1911 non
267 1878 395 1910 idcirco
436 1879 476 1910 ab
509 1878 656 1919 Origene
699 1879 788 1911 dicta
824 1878 1046 1919 crediderim,
1086 1881 1179 1925 quod

42 1941 155 1979 fidem,
180 1939 451 1984 temperantiam,
476 1940 654 1984 justitiam,
683 1954 721 1973 ae
744 1940 893 1985 reliquas
918 1941 1077 1981 virtutes,
1108 1942 1179 1974 sine

41 2001 144 2043 gratia
178 2001 366 2045 comparari
399 2015 497 2046 posse
541 2002 740 2043 c1·edi‹lcrit;
779 2003 838 2034 sed
871 2004 981 2046 quod,
1018 2003 1119 2036 eti-’tm
1151 2004 1179 2036 si

43 2063 116 2107 quis
140 2063 221 2095 haec
246 2072 415 2095 assecutus
439 2064 503 2096 sibi
528 2063 691 2104 videatur,
716 2064 826 2097 inania
851 2064 1009 2097 etfutilia
1033 2065 1099 2098 sint
1123 2078 1178 2098 or-

138 2201 168 2243 ¹)
195 2202 264 2234 Csr.
290 2203 368 2247 Sap.
394 2203 521 2236 Salom.
544 2204 605 2243 IX,
630 2204 660 2237 6.
688 2205 768 2236 coll.
795 2205 846 2238 ed.
872 2214 974 2238 nostr.
1001 2205 1175 2238 'som-111.

41 2255 113 2290 pag.
139 2246 193 2281 53.
219 2256 252 2278 et
276 2247 328 2280 54.

900 2310 975 2344 22*
