1403 2492
337 96 650 130 Omanmuonum
675 96 788 128 Lmen
812 95 852 128 11.
1118 97 1161 131 79

34 195 125 220 ctum
156 185 323 219 exstinctis
359 184 593 230 peccatoribus
626 193 659 217 et
684 183 845 226 indignis,
878 184 990 228 ipsum
1013 184 1077 217 sibi
1101 197 1163 217 no-

36 260 113 280 vum
137 248 305 291 populum
329 259 451 286 creare,
475 256 508 280 et
530 258 692 279 renovare
716 245 837 278 faciem
861 255 981 286 terrae,
1006 259 1082 278 cum
1101 259 1163 290 per

34 309 171 349 gratiam
195 308 341 353 Spiritus
373 309 579 352 deponentes
603 315 751 340 veterem
783 307 956 340 hominem
980 321 1056 340 cum
1081 307 1163 340 acti-

34 370 95 402 bus
119 369 196 409 suis,
221 370 254 402 in
279 369 427 402 novitate
451 368 536 401 vitae
551 369 726 413 coeperint
741 369 957 401 ambularem
984 382 1052 414 quo
1065 381 1163 401 sensu

34 431 161 475 quippe
186 431 265 464 haec
290 429 573 475 pronunciaverit,
598 429 669 474 ipse
694 430 796 475 paulo
814 440 892 474 post
908 431 1078 474 patefecit,
1102 431 1164 462 do-

36 505 113 525 cens
137 493 249 525 Deum
278 491 433 536 »Spiritu
464 490 531 523 oris
563 490 614 523 sui
646 504 730 535 quae
762 492 858 534 digna
881 501 958 524 sunt
981 491 1164 524 sanctifica-

35 554 124 587 tione
148 554 396 588 sanctificarez«
430 553 551 586 deinde
582 552 766 586 subnectit:
803 553 889 585 »Est
920 562 953 585 et
983 553 1047 586 alia
1078 566 1163 598 quo-

34 626 99 658 que
123 614 224 647 etiam
247 614 392 659 Spiritus
421 613 526 647 sancti
556 614 677 656 gratia,
713 627 797 659 quae
828 614 935 656 dignis
964 623 1162 658 praestatur,

32 675 215 709 ministrata
239 675 376 720 quidem
399 689 461 720 per
476 675 658 716 Christum,
681 675 855 720 inoperata
876 684 987 708 autem
1012 687 1030 707 a
1049 675 1162 713 Patre,

31 738 218 770 secundum
232 736 392 770 meritum
412 750 542 778 eorum,
566 738 622 782 qui
642 749 778 781 capaces
794 736 864 782 ejus
880 737 911 782 ¹)
930 736 1131 769 efficiuntur.
1142 749 1160 765 «

32 798 103 831 Nec
128 811 330 843 quemquam
347 799 465 832 fallant
478 799 534 831 illa
559 812 598 831 ex
617 798 745 832 Homil.
761 799 787 832 I.
811 799 846 831 in
862 798 983 832 Genes.
1008 811 1100 831 num.
1117 798 1162 837 7.,

30 858 91 891 ubi
115 859 239 893 Christi
261 860 398 902 gratiam
419 860 583 894 solaribus
606 859 706 893 radiis
732 868 915 904 comparat,
940 872 1045 904 eaque
1068 872 1162 892 men-

31 929 80 953 tes
101 930 231 954 nostras
253 920 414 955 illustrari
439 922 563 962 asserit,
587 922 649 955 nisi
673 921 812 954 caecitas
833 921 966 954 illarum
980 921 1164 966 impediat:

32 972 319 1026 quemadmodum
343 983 450 1016 oculis
473 983 595 1016 nostris
618 984 699 1016 solis
725 983 839 1015 lumen
857 983 1075 1023 admittimus,
1098 982 1162 1015 nisi

31 1053 146 1077 nostra
169 1044 328 1077 caecitate
352 1045 602 1089 prohibeamur.
648 1046 755 1078 Recte
789 1045 824 1077 id
849 1045 1005 1089 quidem,
1028 1057 1105 1077 nam
1130 1053 1164 1076 et

33 1104 76 1138 ad
98 1104 314 1150 explicandos
338 1106 461 1147 gratiae
487 1108 630 1140 effectus
654 1107 796 1139 eandem
820 1116 958 1151 usurpat
990 1118 1163 1150 compara—

32 1165 159 1199 tionem
183 1166 396 1208 Augustinus.
442 1167 570 1201 Verum
593 1168 628 1201 in
659 1167 874 1212 sequentibus
897 1167 1163 1211 semipelagiani-

32 1236 94 1268 zat,
119 1241 195 1261 cum
218 1227 405 1270 significans
438 1241 479 1261 eo
511 1242 573 1262 nos
606 1228 727 1274 majori
751 1230 826 1261 luce
852 1228 1086 1261 collustratum
1112 1228 1164 1268 iri,

33 1301 100 1333 quo
125 1288 266 1334 propius
290 1289 330 1321 ad
345 1302 422 1322 eum
435 1290 689 1323 accesserimus:
717 1307 734 1322 »
745 1291 822 1322 Nou
839 1289 994 1322 similiter
1010 1299 1161 1329 tamem«

33 1350 153 1395 inquit,
179 1350 358 1383 »venimus
381 1352 423 1383 ad
447 1364 523 1384 eum
549 1365 683 1392 omnes,
708 1352 766 1384 sed
790 1351 1017 1395 unusquisque
1048 1363 1165 1383 secun—

33 1411 113 1444 dum
137 1411 311 1456 propriam
333 1425 426 1444 suam
450 1412 654 1446 virtutemz«
680 1425 803 1457 nempe
827 1413 988 1444 accedere
1011 1413 1053 1445 ad
1068 1411 1164 1444 Chri-

30 1481 129 1512 stum,
154 1473 208 1505 vel
231 1473 273 1504 ab
301 1485 341 1505 eo
366 1475 533 1514 recedere,
557 1474 591 1507 in
615 1483 730 1507 nostra
755 1474 852 1519 ponit
865 1482 1041 1518 potestate.
1074 1471 1164 1506 Scri-

31 1533 79 1567 bit
102 1533 193 1566 idem
217 1533 316 1566 Tom.
341 1535 400 1569 XI.
437 1535 470 1568 in
507 1535 626 1568 Matth.
663 1549 752 1568 num.
779 1537 810 1570 5.
843 1535 884 1568 et⁴
906 1535 956 1574 6.,
987 1533 1162 1578 discipulis

32 1594 218 1627 naviculam
243 1598 564 1636 conscendentibus,
597 1607 628 1629 et
664 1598 787 1629 deinde
815 1597 899 1629 mari
929 1610 966 1629 ac
992 1605 1091 1628 vento
1117 1595 1163 1640 ja-

33 1656 136 1695 ctatis,
160 1656 312 1689 homines
345 1659 489 1690 adversis
526 1658 765 1691 tentationibus
797 1667 1008 1703 oppugnatos
1031 1655 1163 1698 signari,

32 1717 89 1761 qui
121 1731 173 1750 eas
205 1718 341 1762 quidem
373 1719 552 1759 sustinere,
592 1729 624 1752 et
656 1721 688 1752 in
720 1720 871 1752 medium
902 1732 992 1751 mare
1024 1717 1164 1763 propria

31 1778 152 1812 virtute
175 1779 351 1824 pervenire
376 1790 513 1824 queant,
537 1781 727 1825 superiores
753 1794 833 1813 vero
858 1782 1020 1818 evadere,
1044 1788 1078 1811 et
1102 1792 1164 1822 op-

33 1839 174 1883 positam
196 1840 304 1884 ripam
326 1840 487 1882 attingere
511 1854 579 1874 non
606 1843 745 1881 valeant,
769 1843 832 1874 nisi
846 1841 970 1875 Christi
996 1853 1062 1884 ope
1078 1841 1164 1885 Vsub-

34 1899 200 1933 leventur:
226 1901 260 1933 id
285 1910 344 1941 est,
367 1903 448 1934 boni
474 1903 610 1947 quidem
636 1903 767 1935 initium
793 1916 809 1936 a
834 1904 931 1936 nobis
955 1915 1036 1942 esse,
1061 1901 1163 1934 finem

32 1973 69 1993 ac
96 1962 416 1996 consummationem
441 1977 459 1996 a
483 1964 568 1997 Deo.
617 1965 775 2009 Denique
802 1964 875 1996 libr.
901 1965 941 1997 V.
966 1964 1001 1996 in
1026 1963 1160 2007 epistol.

32 2023 71 2054 ad
105 2023 203 2055 Rom.
240 2036 330 2056 num·
358 2024 408 2058 10.
459 2025 649 2069 »Quamvis
682 2027 798 2059 enim«
834 2025 985 2070 (libertas
1015 2024 1162 2068 arbitrii)

36 2083 104 2116 »sit
129 2084 228 2116 etiam
253 2084 358 2128 ist-1²)
385 2085 498 2126 virtus,
523 2096 556 2119 et
579 2098 712 2120 maneat
736 2088 769 2120 in
795 2097 919 2127 natura,
946 2097 1056 2120 tamen
1069 2095 1159 2119 tanta

126 2211 156 2253 ¹)
180 2210 285 2244 Deest
312 2212 439 2257 »ejus«
467 2213 498 2245 in
525 2215 599 2247 edd.
624 2215 666 2249 H.

122 2267 154 2307 ²)
180 2266 282 2299 Deest
306 2267 412 2300 »ism«
445 2269 475 2300 in
502 2270 576 2302 cdd.
603 2270 642 2302 H.
