1403 2492
215 92 280 127 166
546 95 656 128 Pnrm
679 94 850 127 Dmmus
877 93 1010 129 Ηυιτιι

217 196 287 216 mas
310 193 389 228 post
412 185 646 228 purgationem
678 182 902 216 conscientiae
934 183 969 215 in
1000 181 1163 215 unitatem
1196 182 1350 227 corporis

220 243 345 278 Christi
370 257 441 278 esse
464 246 666 280 redituras.«
717 244 837 286 Arguit
867 244 948 277 item
980 243 1137 277 circuitus
1166 243 1246 277 illos
1272 245 1350 277 bea-

218 305 372 340 titudinis
398 317 431 340 et
455 307 676 341 damnationis
700 307 923 351 sempiternos
947 304 1155 348 Augustinus
1177 305 1278 339 Haer.
1298 304 1351 340 43.

219 367 261 399 ad
288 368 394 412 Quod
419 369 491 402 vult
514 370 628 409 deum,
654 377 686 400 et
712 368 786 401 libr.
805 367 902 401 XXI.
928 367 971 400 de
986 366 1183 408 Civit.>Dei‚
1208 379 1282 411 cap·
1300 366 1352 402 17.

220 429 265 461 At
289 430 423 465 Nicetas
439 431 620 465 Clioniates
646 430 719 463 libr.
735 429 790 463 lv.
816 429 916 462 Thes.
942 429 1077 462 orthod.
1101 428 1160 462 fid.
1182 428 1284 462 Haec.
1300 425 1355 464 31.

221 490 342 525 dixisse
365 493 410 526 ait
434 493 635 535 origenem,
671 493 822 524 futurum
847 500 885 523 ut
908 491 1018 524 anima
1036 489 1199 535 tantisper
1220 489 1255 522 iu
1278 488 1355 532 igne

221 562 371 594 maneat,
406 555 486 587 dum
512 554 673 587 vitiorum
705 553 860 586 sordibus
897 560 1118 598 expurgetur;
1150 559 1182 584 at
1206 562 1355 592 vemem

221 621 334 647 tamen
358 615 428 648 sine
453 616 518 649 sine
543 628 810 660 permansurum,
834 628 896 647 nec
920 627 1067 660 unquam
1091 612 1277 656 gehennam
1303 624 1358 645 ex-

220 674 379 709 stinctum
404 678 456 717 iri,
480 687 517 710 ut
545 678 628 710 »lzoc
653 687 753 722 pacto
776 677 971 710 stimuletur
995 676 1028 708 in
1053 684 1238 720 posterum,
1261 673 1357 707 refri-

226 745 387 782 ceturque
412 739 577 771 memoria
602 739 734 772 divinae
758 737 971 770 humanitatis
995 737 1029 770 in
1060 736 1197 777 animis,
1229 747 1314 781 quae
1337 748 1356 768 a

228 800 435 842 perennibus
459 800 548 833 hisce
576 799 753 845 suppliciis
778 801 939 833 liberatae
962 799 1118 834 suerint.«

313 861 406 897 Vlll.
452 862 680 896 Nihilominus
713 872 837 895 tamen⁴
857 861 1045 894 multorum
1077 860 1297 895 consensione
1323 868 1356 892 et

221 923 413 966 patrocinio
445 934 560 958 noster
592 924 756 967 Origenes
785 923 997 963 defenditur,
1033 935 1160 968 suaque
1191 921 1357 967 imprimis
1392 914 1398 919 .

223 983 446 1026 dubitatione,
471 999 547 1019 cum
573 986 647 1019 libr.
673 986 705 1020 1.
731 987 815 1029 περὶ
839 985 973 1030 ἀρχῶν,
996 984 1094 1017 initio
1121 984 1239 1029 capitis
1263 982 1358 1022 sexti,

224 1045 265 1076 de
291 1058 402 1079 rerum
432 1048 742 1087 consummatione,
767 1048 876 1091 deque
903 1046 1024 1090 poenis
1049 1047 1297 1084 damnatorum,
1321 1056 1358 1076 ac

221 1106 399 1141 beatorum
425 1110 583 1153 praemiis
606 1119 740 1143 acturus
764 1109 812 1141 sic
846 1108 1032 1152 praefatur:
1065 1107 1190 1150 »Quae
1222 1105 1360 1151 quidem

223 1180 241 1200 a
264 1170 363 1203 nobis
388 1170 488 1203 etiam
505 1171 536 1213 ²)
568 1183 644 1203 cum
676 1182 797 1212 magno
822 1179 934 1209 metu,
970 1178 1003 1202 et
1033 1168 1163 1202 cautela
1192 1167 1362 1206 dicuntur,

223 1230 480 1266 discutientibus
504 1233 608 1274 magis
631 1241 665 1265 ct
688 1230 980 1276 pertractantibus,
1004 1243 1104 1275 quam
1121 1242 1184 1274 pro
1205 1238 1297 1262 certo
1322 1240 1360 1261 ac

225 1292 366 1326 definito
390 1294 644 1327 statuentibus.«
695 1294 738 1326 Et
768 1293 813 1326 ita
845 1293 980 1326 demum
1014 1301 1115 1337 caput
1145 1292 1237 1325 idem
1269 1290 1359 1324 clau-

224 1354 291 1387 di't:
320 1356 472 1388 »Certius
497 1363 610 1389 tamen
635 1355 782 1400 qualiter
805 1367 840 1387 se
864 1354 1018 1387 habitura
1040 1353 1083 1386 sit
1112 1366 1185 1393 res,
1213 1351 1276 1385 scit
1305 1364 1359 1384 so-

224 1414 276 1447 lus
300 1416 406 1456 Deus,
431 1426 464 1450 et
488 1418 516 1450 si
542 1417 600 1462 qui
624 1417 694 1462 ejus
718 1430 779 1461 per
805 1416 992 1456 Christum,
1022 1424 1056 1448 et
1085 1414 1252 1459 Spiritum
1286 1425 1360 1446 san-

225 1486 316 1509 ctum
341 1477 440 1510 amici
464 1487 570 1513 sunt.«
620 1478 697 1511 Pari
734 1490 870 1522 quoque
901 1477 1006 1510 modo
1038 1474 1136 1509 initio
1168 1474 1286 1519 capitis
1310 1486 1361 1508 se-

226 1538 358 1583 quentis
383 1539 638 1572 haesitationem
663 1552 756 1571 suam
782 1538 940 1573 declarat.
997 1538 1035 1570 ld
1060 1549 1101 1570 ne
1126 1537 1197 1581 ipsc
1222 1535 1360 1580 quidem

225 1599 391 1633 inficiatus
417 1611 466 1634 est
489 1600 728 1647 Hieronymus,
753 1613 830 1632 cum
855 1599 952 1645 epist.
977 1599 1030 1634 59.
1057 1599 1098 1631 ad
1123 1598 1214 1632 Avit.
1239 1610 1312 1642 cap.
1330 1597 1360 1631 1.

226 1661 408 1703 origenem
432 1663 474 1695 de
500 1664 622 1695 eodem
647 1668 844 1710 argumento
870 1663 976 1695 multa
992 1668 1257 1694 commentatum
1282 1658 1362 1692 scri-

225 1723 329 1768 psisse
354 1725 488 1757 tandem
521 1724 582 1757 ait:
621 1724 733 1756 »Haec
766 1723 853 1769 juxta
885 1733 1034 1756 nostram
1065 1722 1263 1756 sententiam
1292 1732 1361 1753 non

227 1785 291 1817 sint
320 1787 487 1828 dogmata,
510 1787 569 1819 sed
595 1786 743 1830 quaesita
767 1795 907 1825 tantum,
931 1795 1031 1830 atquc
1052 1783 1215 1830 projecta,
1238 1794 1280 1815 ne
1305 1794 1363 1826 pe-

226 1848 314 1879 nitus
342 1848 514 1881 intractata
540 1843 764 1880 viderentur.«

318 1909 479 1943 Ceterum
503 1910 538 1943 in
564 1910 742 1943 asserendo
774 1909 848 1951 igne
881 1907 963 1947 illo,
1005 1908 1062 1952 qui
1094 1907 1199 1953 justos
1231 1906 1266 1939 in
1295 1906 1361 1939 fine

227 1983 338 2003 rerum
370 1972 488 2005 itidem
520 1981 557 2004 ut
588 1971 712 2015 impios
751 1970 923 2002 invasurus
955 1970 996 2001 ab
1032 1968 1179 2011 Origene
1216 1968 1362 2010 fingitur,

228 2032 291 2076 ipsi
319 2034 486 2066 consentit
511 2033 700 2066 Lactantius
727 2032 802 2064 libr.
828 2032 905 2063 Vll.
931 2031 1072 2075 cap.21.
1123 2031 1285 2070 ›=Justos,«
1314 2029 1359 2061 in-

229 2095 319 2137 quit,
354 2109 451 2128 »cum
483 2093 698 2142 judicaverit,
736 2094 835 2125 ctiam
868 2093 934 2135 igni
962 2106 1018 2125 eos
1044 2091 1259 2140 examinabit:
1291 2100 1362 2123 tum

231 2168 374 2197 quorum
414 2166 548 2201 peccata
592 2157 644 2189 vel
684 2157 854 2200 pondere,
898 2156 949 2187 vel
990 2168 1131 2188 numero
1169 2153 1362 2199 praevalue-

329 2285 358 2328 ')
384 2284 485 2317 Deest
517 2286 655 2317 »etianw
685 2286 716 2317 in
743 2285 816 2317 ΝΜ.
849 2284 889 2318 Η.
