1403 2492
407 57 717 93 Omossnumonum
740 55 855 89 Limm
872 55 924 88 Π.
1156 54 1220 89 301

97 155 208 179 autem
244 147 341 187 dico,
379 159 448 180 non
486 146 593 191 jurare
633 145 839 178 omnin0:««
878 153 933 177 »ct
966 157 1034 176 non
1070 142 1222 189 adjurare

98 208 248 241 omnino.
296 208 333 242 Si
357 209 445 242 enim
468 208 577 254 jurare
601 221 671 241 non
697 207 794 247 licet,
819 215 980 252 quantum
1005 206 1048 238 ad
1070 205 1220 246 Evange-

98 269 202 302 licum
237 269 360 302 Christi
395 271 604 309 mandatum,
641 282 757 301 verum
783 278 848 308 est,
881 267 958 312 quia
982 280 1045 300 nec
1068 267 1221 313 adjurare

98 332 239 363 alterum
279 331 395 365 licen«
454 332 492 363 ln
532 331 648 363 cadem
685 332 778 362 suere
814 329 978 362 sententia
1013 328 1222 367 Athanasius,

98 392 372 438 Chrysostomus,
410 392 636 438 Epiphanius,
669 392 832 430 Hilarius,
864 391 987 435 aliique
1019 391 1222 435 complures,

97 467 182 498 quos
209 453 287 486 citat
310 455 421 488 Sixtus
447 454 601 488 Senensis
627 454 702 486 libr.
719 454 778 488 Vl.
802 455 928 486 Annot.
946 452 1011 492 26,
1036 464 1222 496 eorumque

95 525 227 547 secutus
251 525 301 548 est
325 516 521 560 opinionem
546 515 718 557 Pelagius,
742 524 778 547 ut
803 515 843 546 ab
868 514 1056 555 Augustino
1081 513 1223 546 traditur

97 575 130 608 iu
156 577 246 609 calce
271 577 404 622 epistol.
427 577 494 617 89.,
520 587 552 609 et
580 577 765 609 recentium
791 576 1088 608 Heterodoxorum
1106 587 1222 616 magna

97 651 189 681 pars:
214 652 289 671 cum
313 652 330 671 e
356 639 524 671 contrario
549 648 698 671 sanctum
726 650 795 669 esse
820 646 853 669 et
876 637 960 668 utile
984 635 1221 681 juramentum,

97 700 151 744 pie
176 701 280 732 modo
305 710 338 732 et
361 701 564 744 prudenter,
595 709 628 732 et
653 699 820 741 flagitante
844 698 1039 731 necessitate
1064 697 1221 730 adhibea-

97 770 161 801 tur,
186 761 360 795 Catholica
385 761 526 794 ecclesia
551 761 743 795 constituat.

368 1045 589 1087 CAPUT
624 1045 946 1086 TERTIUM.

94 1144 339 1177 GENERALE
365 1143 688 1178 ORIGENIANAE
713 1144 989 1177 DOCTRINAE
1009 1142 1217 1175 EXAMEN.

95 1251 119 1283 l.
143 1250 259 1294 iniqua
291 1251 361 1283 sere
394 1264 457 1295 pro
490 1250 655 1292 Origene,
687 1251 740 1283 vel
773 1261 888 1283 contra
920 1251 1101 1292 Origenem
1133 1250 1218 1294 judi-

94 1313 154 1346 cia.
202 1313 243 1345 ll.
274 1313 504 1345 Recensentur
540 1312 643 1357 ipsius
675 1313 878 1346 defensores.
937 1314 996 1345 ΙΙΙ.
1030 1313 1141 1345 Multa
1177 1313 1219 1344 ad

93 1374 288 1416 Origcniani
319 1374 464 1406 nominis
494 1383 745 1418 oppugnatores
783 1375 1005 1407 confutandos
1035 1374 1219 1416 generatim

91 1445 338 1481 proponuntur.
372 1436 490 1468 Mutua
509 1435 781 1468 criminationum
798 1437 1024 1480 repugnantia.
1062 1437 1116 1468 lV.
1142 1436 1219 1469 Ori-

91 1498 292 1540 genistarum
325 1509 455 1528 errores
487 1496 627 1539 Origeni
657 1498 772 1530 afficti.
819 1498 860 1530 V.
886 1498 998 1530 Rufini
1026 1497 1220 1542 interpretis

90 1559 242 1605 perfidia.
288 1560 346 1591 Vl.
371 1559 507 1591 Pati-um
534 1559 622 1592 falsis
648 1559 842 1592 criminibus
862 1560 1090 1604 appetitorum
1109 1573 1220 1592 exem-

92 1622 198 1666 plum.
244 1621 320 1653 th.
345 1621 529 1653 philocalia
555 1634 571 1652 a
597 1621 764 1663 Gregorio
795 1622 985 1663 Theologo,
1029 1631 1061 1653 et
1091 1621 1216 1654 Basilio

91 1696 129 1715 ex
156 1682 309 1724 Origenis
333 1681 464 1725 scriptis
491 1691 654 1726 excerpta.
701 1683 792 1715 tht.
818 1683 1146 1727 Allegoricacipsius
1168 1683 1218 1715 in-

91 1744 357 1788 terpretationes.
396 1743 455 1776 lX.
481 1743 618 1776 Frustra
639 1744 819 1775 haereseon
845 1744 919 1775 sons
944 1745 1131 1789 appellatus
1157 1753 1216 1777 est.

90 1807 133 1839 X.
164 1806 342 1838 Librorum
373 1804 475 1849 ipsius
511 1804 718 1850 depravatio.
773 1806 834 1838 Xl.
865 1805 974 1837 Multa
1007 1819 1144 1850 quoque
1174 1806 1216 1838 ad

91 1868 202 1912 ipsum
235 1868 458 1899 excusandum
496 1867 529 1899 in
562 1867 754 1900 universum
786 1867 1016 1900 adducuntur:
1053 1877 1216 1912 perpetua

89 1929 192 1974 ipsius
217 1929 249 1961 in
274 1929 506 1973 proponendis
529 1929 703 1962 sententiis
728 1929 922 1969 haesitatio,
963 1928 1111 1973 ejusdem
1143 1943 1217 1961 mo-

90 1990 212 2031 destia3
261 1991 340 2023 XII.
381 1990 545 2024 Constans
589 1992 771 2024 haereseon
819 1991 1003 2024 insectandi
1049 1990 1214 2032 studiun13

90 2052 184 2085 Xlll.
210 2051 323 2084 Nimia
360 2051 393 2084 in
428 2052 606 2086 scribendo
637 2053 826 2095 festinati0;
861 2054 954 2087 XIV.
985 2053 1214 2095 Theologicae

89 2113 299 2158 quaestiones
323 2112 425 2158 ipsius
455 2115 664 2159 temporibus
687 2116 837 2148 nondum
863 2116 940 2148 satis
965 2126 1128 2154 excussae,
1151 2127 1214 2146 nec

90 2188 153 2220 per
179 2175 354 2208 ecclesiam
379 2175 544 2208 definitae.
591 2177 664 2211 XV.
689 2178 775 2210 Eum
803 2179 936 2210 taudem
953 2186 1080 2210 temere
1105 2176 1212 2209 dicto-

88 2249 162 2269 rum
180 2235 358 2281 poenituit.
409 2237 499 2271 XVl.
525 2239 699 2272 Immerito
718 2240 879 2273 Rufinum
900 2239 1115 2284 reprehendit
1131 2239 1210 2272 llic-
