1403 2492
185 53 231 89 88
525 54 636 88 Pmm
663 55 839 88 Dzmmms
865 55 997 88 Huss'rn

187 144 316 176 mundo
341 153 401 183 est,
426 145 484 177 sed
508 144 542 177 ἰη
568 145 672 177 coelis
698 145 867 188 ‹licitur')
907 158 976 177 esse
1003 145 1215 178 conversatio
1241 145 1331 190 ejus:

189 213 223 237 et
246 204 326 237 ideo
351 206 536 239 secundum
569 220 664 246 eum,
696 207 752 251 qui
785 206 882 239 dicit:
916 207 1086 250 ‚.„Vos²)
1116 217 1228 240 autem
1261 221 1328 240 non

191 266 268 298 estis
294 267 335 299 de
360 267 425 300 hoc
450 269 661 302 mundo:““
699 282 791 301 mors
830 269 862 301 in
903 281 980 301 eum
1019 281 1089 301 non
1119 278 1232 313 potest
1262 283 1338 314 per-

190 328 386 361 transire:“
424 339 457 363 et
495 330 639 363 deinde:
681 330 817 374 „Quod
849 331 876 363 si
912 340 1089 375 peccatum
1121 339 1154 363 et
1188 343 1280 363 mors
1303 329 1338 362 in

192 389 280 422 hunc
304 392 470 425 mundum
494 392 659 432 introivit,
685 401 718 425 et
742 392 776 425 in
800 392 865 424 hoc
890 393 1019 425 mundo
1045 392 1182 432 habitat,
1208 401 1337 425 certum

195 460 244 484 est
268 452 397 487 alienos
422 467 439 487 a
464 464 586 494 morte,
612 463 645 486 et
669 466 690 497 a·
712 464 853 498 peccato
881 467 951 486 esse
978 466 1048 494 eos,
1072 452 1130 498 qui
1154 466 1216 498 per
1240 453 1337 487 Chri-

193 521 300 555 stum,
326 516 379 548 vel
405 529 481 549 cum
515 516 649 550 Christo
674 517 801 549 mortui
825 526 903 549 sunt
927 516 1005 549 huic
1029 516 1180 555 mundo,
1204 524 1238 548 et
1261 528 1339 548 cum

194 574 270 619 ipso
296 578 495 619 resuscitati,
522 592 598 611 cum
624 579 699 623 ipso
725 578 825 610 etiarn
852 578 886 611 in
911 578 1116 611 coelestibus
1139 577 1256 610 sedere
1270 589 1340 610 me-

194 647 357 678 ruerunt,
389 640 681 673 conversationem
705 653 774 673 non
799 639 865 685 jam
882 641 916 684 3,)
947 639 981 672 in
1006 639 1072 672 hoc
1096 639 1244 679 mundo,
1280 640 1340 672 sed

197 697 230 730 in
263 700 369 734 coelis
408 702 607 735 habentes.“
656 704 742 735 Item
782 702 860 735 libri
892 700 1042 746 ejusdem
1075 695 1247 735 num.'10.
1277 701 1340 734 sub

194 759 297 794 finem
322 762 403 796 haec
427 764 611 797 habentur:
645 764 705 806 „Si
731 764 820 797 enim
834 765 868 808 4)
902 763 936 796 in
962 763 998 796 id
1023 763 1132 795 anima
1156 761 1341 806 perfectio-

194 821 245 855 nis
270 824 501 867 adscenderit,
534 836 573 859 ut
598 839 637 860 ex
660 836 737 859 toto
764 827 867 859 corde
891 838 974 863 suo,
1015 833 1047 857 et
1073 837 1112 857 ex
1135 833 1208 857 tota
1231 823 1341 856 anima

196 897 271 925 sua,
306 896 339 919 et
364 900 402 920 ex
426 888 508 921 totis
533 888 660 922 viribus
685 889 751 922 suis
777 883 893 931 diligat
916 887 1050 926 Deum,
1088 895 1122 918 et
1144 885 1340 930 proximum

195 958 293 979 suum
317 957 477 994 tanquam
500 963 535 983 se
559 950 678 995 ipsam,
703 951 763 983 ubi
788 950 852 983 erit
875 948 1008 995 peccati
1034 946 1179 980 locus?“
1229 949 1341 993 Atque

196 1007 285 1041 hunc
309 1010 355 1042 ait
378 1012 598 1055 perfectionis
621 1013 761 1054 gradum
784 1021 973 1045 assecutum
993 1010 1096 1044 fuisse
1125 1009 1342 1054 Apostolum,

196 1082 275 1103 cum
300 1071 450 1107 dicebat:
493 1073 611 1117 „Quis
626 1074 658 1118 ⁵)
684 1087 745 1107 nos
771 1073 941 1118 separabit
959 1086 977 1105 a
1001 1071 1137 1105 caritate
1154 1071 1233 1110 Dei,
1257 1083 1341 1115 quae

199 1141 248 1164 est
284 1133 317 1166 ἰιι
356 1134 490 1168 Christo
527 1134 660 1168 Jesu?“
722 1136 811 1168 Tum
842 1134 1068 1168 subnectitur:
1106 1133 1186 1173 „Ex
1218 1133 1340 1177 quibus

199 1195 356 1228 omnibus
381 1196 556 1230 evidenter
588 1197 797 1237 ostenditur,
827 1196 907 1241 quia
938 1195 967 1229 si
988 1196 1071 1228 haec
1095 1194 1226 1234 omnia,
1259 1207 1342 1240 quae

198 1259 409 1292 enumeravit
432 1260 636 1307 Apostolus,
672 1272 826 1303 separare
858 1271 919 1291 nos
950 1271 1019 1290 non
1050 1266 1194 1302 possunt
1217 1270 1235 1289 a
1260 1257 1343 1290 cari-

198 1328 266 1352 tate
289 1320 377 1362 Dei,
410 1335 487 1354 cum
520 1321 553 1354 in
589 1321 676 1353 illud
701 1320 775 1365 quis
801 1320 935 1353 culmen
958 1319 1181 1364 pel-sectionis
1205 1320 1344 1352 adscen-

187 1381 303 1422 -derit,
336 1384 447 1416 multo
479 1384 584 1426 magis
617 1383 754 1415 libertas
787 1381 916 1414 arbitrii
949 1395 1012 1414 nos
1043 1382 1085 1414 ab
1111 1381 1181 1427 ejus
1207 1381 1344 1414 caritate

198 1455 352 1488 separare
375 1458 446 1478 non
469 1445 607 1490 poterit.
619 1449 639 1465 “
677 1445 806 1477 Verum
830 1443 911 1475 hacc
936 1443 977 1475 ab
1002 1442 1188 1486 interprete
1206 1444 1344 1484 Rufino,

201 1518 302 1550 quem
334 1520 353 1540 a
382 1507 564 1549 Pelagiano
600 1508 768 1539 fermento
801 1505 865 1538 sibi
896 1505 973 1537 satis
997 1518 1067 1537 non
1093 1505 1216 1538 cavisse
1240 1518 1342 1538 nemo

198 1568 320 1609 nescit,
354 1569 529 1615 inquinata
552 1568 654 1601 fuisse
685 1581 863 1613 possumus
888 1566 1060 1612 suspicari.
1111 1566 1344 1610 Quemadmo-

200 1629 282 1662 dum
313 1640 426 1664 autem
458 1630 654 1676 reprehensj
687 1631 728 1663 ab
760 1629 971 1676 Hieronymo
1004 1629 1127 1662 erroris
1159 1629 1342 1672 Origenem

198 1691 267 1724 loci
292 1693 326 1725 hi
350 1707 420 1726 non
444 1693 521 1727 satis
545 1692 678 1738 liquido
706 1701 908 1734 coarguunt,
947 1691 994 1724 ita
1028 1703 1138 1736 neque
1162 1690 1240 1724 satis
1264 1704 1344 1735 pur—

200 1763 255 1796 gat
278 1754 348 1796 ille,
373 1757 431 1801 qui
455 1764 559 1789 exstat
583 1755 684 1789 Tom.
701 1755 796 1787 XIII.
813 1754 856 1797 ‘in
876 1755 995 1787 Matth.
1020 1766 1112 1786 num.
1125 1752 1181 1788 23.
1217 1752 1343 1788 Ἀνέν-

200 1817 330 1852 δεκτον
352 1816 426 1864 γάρ
451 1819 548 1853 ἐστιν
575 1813 778 1862 ἄνθρωπον
803 1815 999 1863 εὑρεθῆναι.
1027 1814 1146 1858 πάντη
1172 1812 1344 1860 ἀναμάρ-

200 1891 319 1923 τητον,
346 1882 408 1914 καὶ
427 1881 541 1926 χωρὶς
566 1878 746 1926 ἁμαρτίας
771 1877 994 1924 ἀνειληφότα
1020 1875 1086 1919 τὴν
1109 1873 1259 1923 ἀρετήν·
1285 1889 1343 1909 ne-

301 2026 335 2070 ¹)
360 2027 424 2061 Ed.
449 2027 573 2060 Ruaei:
598 2038 697 2067 „esse
722 2024 888 2060 dicitur.“

298 2083 332 2125 ²)
360 2083 430 2117 Cfr.
456 2096 508 2116 ev.
532 2084 654 2116 Joann.
681 2081 756 2120 XV,
783 2081 835 2116 19.

296 2139 328 2182 3)
354 2140 461 2173 Deest
486 2139 609 2185 „jam“
636 2139 669 2170 in
695 2138 772 2170 edd.
798 2137 840 2170 H.

294 2194 327 2238 Δ)
352 2195 459 2229 Deest
484 2196 634 2238 ,‚cnim“
661 2195 694 2227 in
721 2194 797 2227 edd.
824 2193 865 2225 H.

296 2251 329 2294 5)
355 2250 423 2284 Cfr.
449 2252 549 2286 Rom.
577 2252 668 2290 VIII,
694 2251 747 2287 35.
