1403 2492
182 50 227 85 26
515 48 626 82 Pmm
658 47 830 82 Dmnms
855 47 986 80 {lun-ru

184 149 337 173 exornat:
369 151 408 172 ex
439 138 560 183 quibus
589 138 744 172 omnibus
778 137 928 170 diversus
958 150 996 170 ac
1027 136 1135 170 varius
1164 135 1262 169 unius
1280 136 1314 181 ¹)

181 202 299 235 mundi
338 201 530 245 completur
567 209 716 233 statuszu
758 209 791 232 et
826 199 935 243 capite
971 197 1124 244 sequenti
1163 211 1255 230 num.
1278 198 1310 234 3.

184 263 376 297 »Possibile
403 262 492 295 enim
518 262 666 302 videtur,
697 270 735 294 ut
764 260 980 294 rationabiles
1011 269 1166 300 naturae,
1195 273 1214 292 a
1239 259 1312 304 qui-

180 328 242 359 bus
266 338 438 370 nunquam
463 325 614 357 aufertur
638 323 736 357 liberi
760 323 899 356 facultas
923 321 1070 362 arbitrii,
1099 322 1229 366 possint
1251 321 1313 355 ite-

180 401 255 420 rum
286 386 453 432 aliquibus
483 386 633 419 motibus
663 385 854 431 subjacere,
893 384 1087 426 indulgente
1111 384 1177 417 hoc
1201 384 1314 429 ipsum

178 449 350 489 Domino,
374 461 416 481 ne
441 449 546 489 sorte,
577 448 604 481 si
628 447 839 480 immobilem
861 459 997 491 semper
1021 456 1156 479 teneant
1177 456 1312 487 statum,

179 511 333 554 ignorent
355 524 390 544 se
414 510 482 543 Dei
506 510 625 552 gratia,
643 510 678 554 ²)
711 519 744 542 et
772 522 840 541 non
871 522 929 542 sua
954 508 1077 541 virtute
1101 508 1135 542 in
1158 508 1220 541 illo
1245 509 1312 541 fine

178 571 397 606 beatitudinis
423 571 620 605 constitisse.
669 571 766 614 Quos
805 580 917 604 motus
947 570 1018 604 sine
1050 570 1155 604 (lubio
1178 583 1312 604 rursum

178 635 318 668 varietas
350 647 554 679 corporum,
591 642 625 666 et
655 633 827 666 diversitas
861 633 1146 678 persequetur,³)
1184 646 1223 666 ex
1247 645 1313 677 qua

178 698 324 730 mundus
354 709 490 740 semper
519 696 721 736 adornatur;
755 708 817 728 nec
847 708 995 740 unquam
1018 695 1145 740 poterit
1167 695 1314 727 mundus

178 759 243 793 nisi
272 759 431 792 varietate
462 771 499 790 ac
535 756 726 790 diversitate
759 766 931 797 constare,
966 758 1060 802 quod
1096 756 1184 790 effici
1213 756 1310 790 nullo

178 835 298 865 genere
323 820 430 865 possit
447 819 479 864 ο)
505 829 596 852 extra
620 818 793 851 materiam
819 819 1044 864 corporalem.
1054 831 1072 847 «

266 884 358 917 XlV.
383 882 585 915 Excusando
603 891 716 914 autem
734 881 881 923 dogmati
903 881 993 922 huic,
1017 893 1086 926 quo
1102 879 1220 913 animis
1236 893 1312 913 cor-

178 959 262 991 pora
275 945 443 983 adscribit,
462 953 579 976 contra
598 956 696 988 quam
711 943 745 975 in
763 942 903 977 ecclesia
916 943 1019 976 hodie
1033 942 1191 982 ereditur,
1204 955 1313 986 appo·-

176 1009 278 1041 situm
305 1017 353 1040 cst
376 1007 462 1039 illud
482 1019 499 1038 e
515 1005 700 1038 prooemio
726 1005 891 1037 librorum
918 1008 1001 1051 περὶ
1025 1004 1157 1050 ἀρχῶν,
1174 1017 1265 1037 uum.
1278 1002 1311 1037 9.

178 1072 301 1103 »Deus
326 1081 463 1114 quoque
479 1069 654 1112 quomodo
681 1067 822 1109 intelligi
843 1068 974 1108 debeat,
996 1067 1233 1112 inquirendum
1251 1074 1312 1105 est,

177 1145 375 1177 corporeus,
400 1130 475 1175 et⁵)
497 1130 684 1162 secundum
700 1129 847 1174 aliquem
865 1130 1015 1162 habitum
1032 1130 1250 1168 deformatus,
1268 1141 1310 1160 an

175 1194 312 1227 alterius
327 1203 464 1226 naturae
489 1205 588 1237 quam
606 1204 750 1236 corpora
765 1200 859 1232 sunt3
886 1192 979 1236 quod
995 1191 1112 1236 utique
1129 1190 1162 1223 in
1178 1189 1312 1235 praedi-

175 1256 307 1289 catione
331 1264 446 1287 nostra
472 1253 649 1286 manifeste
680 1265 749 1285 non
773 1253 973 1295 designatur.
1018 1253 1148 1287 Eadem
1173 1265 1311 1298 quoque

176 1318 276 1350 etiam
289 1317 322 1361 ⁵)
349 1317 390 1348 de
410 1315 556 1355 Christo,
582 1324 615 1347 et
640 1316 681 1347 de
701 1315 833 1359 Spiritu
856 1324 970 1348 sancto
993 1315 1195 1360 requirenda
1217 1325 1311 1356 sunt;

175 1379 235 1411 sed
259 1387 293 1410 et
317 1378 359 1409 de
384 1376 477 1409 omni
500 1376 630 1417 anima,
665 1385 764 1421 atque
790 1376 883 1409 omni
905 1376 1099 1409 rationabili
1121 1387 1238 1410 natura
1260 1377 1311 1410 ni-

174 1440 357 1473 hilominus
380 1438 619 1483 requirendum
645 1447 731 1471 est,«
787 1437 884 1481 Quae
913 1438 1040 1483 requiri
1069 1438 1210 1485 jubebat
1232 1439 1312 1472 Ori-

174 1515 291 1544 genes,
327 1514 366 1534 ea
395 1501 552 1545 profecto
586 1500 745 1533 ecclesiae
777 1500 920 1533 decretis
951 1500 1088 1533 definita
1111 1514 1180 1533 non
1205 1509 1308 1534 erant.

173 1564 272 1597 Unde
304 1577 373 1596 non
398 1562 552 1604 Origenis
580 1571 688 1595 aetate
720 1563 878 1595 duntaxat
905 1562 996 1595 idern
1021 1562 1237 1595 Tertulliano
1265 1563 1308 1595 de

173 1626 283 1659 anima
308 1625 416 1658 visum
447 1634 513 1664 est,
549 1625 673 1671 sed-et
706 1623 862 1667 plurimis
886 1637 1022 1669 quoque
1046 1624 1123 1657 dein
1147 1623 1309 1657 ecclesiae

171 1688 346 1721 Patribus:
370 1696 451 1732 puta
471 1687 603 1720 Hilario
630 1687 663 1719 in
688 1686 808 1720 Mattli.
836 1686 917 1719 Can.
934 1687 985 1726 5.‚
1009 1686 1068 1719 ubi
1094 1685 1307 1719 »animarum

173 1750 318 1794 specics,
347 1749 417 1782 sive
450 1748 677 1781 obtinentium
708 1761 870 1792 corpora,
900 1748 970 1781 sive
1001 1748 1202 1792 corporibus
1231 1761 1309 1780 exu—

173 1811 329 1851 lantium,
362 1823 564 1856 corpoream
591 1818 706 1843 tamen
729 1819 866 1841 naturae
893 1822 971 1841 suae
994 1810 1213 1842 substantiam
1235 1823 1308 1842 sor-

173 1874 256 1906 tiri«
282 1873 472 1919 praedicat:
498 1882 530 1906 et
556 1871 737 1905 Ambrosio
763 1871 838 1907 libr.
855 1870 888 1905 2.
912 1871 953 1903 de
966 1871 1147 1912 Abraham,
1172 1884 1244 1916 cap.
1260 1871 1306 1912 8.‚

269 2021 300 2065 ¹)
325 2021 433 2052 Deest
460 2018 609 2052 „uniusn
637 2018 670 2050 in
696 2017 770 2050 edd.
797 2017 838 2051 H.

265 2076 299 2119 ’·”)
325 2076 430 2108 Deest
457 2075 611 2116 »gratia«
639 2074 672 2106 in
698 2074 773 2106 cdd.
799 2074 842 2106 H.

264 2132 298 2176 3)
324 2132 410 2163 Edd.
436 2131 568 2164 lluetii:
596 2130 871 2175 »persequitur.“

267 2189 300 2232 ⁴¹)
325 2188 388 2220 Ed.
414 2187 538 2220 linaei:
566 2195 740 2231 »potest.·‹
794 2186 827 2232 ·”)
850 2186 938 2219 Edd.
963 2184 1098 2219 lluctii:
1126 2197 1230 2217 »aa«

267 2246 299 2288 ⁶)
325 2245 410 2278 Edd.
435 2242 572 2277 lluetii:
600 2242 745 2276 »haee«
