1403 2492
354 72 661 103 Offlffl-:meomm
693 65 804 96 Lustm
832 64 875 95 11.
1119 60 1182 94 137

52 159 208 191 culum«
258 159 392 192 Deinde
418 157 565 191 ostendit
587 168 656 188 non
690 153 788 186 nobis
813 165 851 185 cx
876 151 993 198 quinto
1018 150 1080 182 illo
1106 149 1182 194 phi-

53 221 275 265 losophorum
301 233 445 266 corpore
467 219 584 251 fictum
610 215 650 248 iri
675 229 691 248 a
715 216 792 247 Deo
819 227 954 258 corpus,
984 226 1088 245 »cum
1111 224 1182 243 ma-

53 281 173 314 nifeste
198 282 335 315 definiat
358 291 487 315 sanctus
512 278 717 324 Apostolus,
748 276 826 321 quia
859 289 927 308 non
957 287 1043 307 nova
1069 273 1180 319 aliqua

53 357 198 388 corpora
221 344 466 387 resurgentibus
499 355 517 375 a
549 340 692 373 mortuis
727 340 870 378 dentur,
904 338 964 370 sed
994 338 1075 369 haec
1098 336 1181 381 ipsa,

53 419 137 450 quae
162 406 310 439 viventes
328 406 526 443 habuerant,
561 416 599 435 ex
625 400 849 434 deterioribus
874 399 908 432 in
934 399 1055 432 melius
1077 408 1183 431 trans-

53 467 195 499 formata
225 467 427 511 recipiant.«
481 465 638 509 Denique
677 463 766 496 libro
803 462 916 507 primo
959 461 1001 493 de
1035 473 1184 493 resurre-

55 528 176 568 ctione,
199 538 237 561 ut
261 538 309 561 est
331 529 422 573 apud
446 526 662 571 Pamphilum
686 524 915 569 inApologia,
941 523 1125 555 absurdum
1150 530 1183 553 et

54 589 207 635 iniquum
231 591 304 622 sore
328 591 384 629 ait,
408 589 435 621 si
458 601 514 620 sua
539 588 695 620 mercede
719 587 894 619 fraudetur
917 598 1057 630 corpus,
1090 583 1183 629 quod

53 663 128 683 cum
153 651 261 684 anima
283 651 419 683 fortiter
442 650 644 691 decertavit;
675 662 712 681 ea
736 657 847 681 autem
870 648 1040 692 privatum
1064 645 1126 684 iri,
1150 644 1183 677 ni

51 722 207 754 resurgat.
255 713 350 745 Hanc
384 713 537 756 corporis
569 711 817 756 reparationem
852 710 884 742 in
915 709 1037 742 melius
1058 707 1183 749 cogita-

51 774 126 813 bat,
157 774 192 806 ni
217 774 336 814 fallor,
369 773 510 819 Glycas,
543 786 618 805 curn
652 772 825 817 opinatum
858 771 975 804 scribit
999 769 1181 812 Origenem

51 834 94 868 πὶ
119 834 269 879 σώματα
296 833 397 879 ἡμῶν
420 834 471 882 μὴ
498 834 715 869 ἀνίστασθαι
746 836 856 868 ταῦτα
883 835 921 867 ἐν
957 834 996 880 τῇ
1021 829 1183 866 ἀναστάμ

51 909 102 931 σει
120 908 128 916 ·
153 910 238 942 quae
263 898 363 929 verba
386 897 509 941 repetit
535 897 724 936 cedrenus,
751 897 792 928 de
818 894 1015 937 Origenistis
1041 894 1183 938 loquens

50 959 83 991 in
108 959 226 1003 quinto
253 959 410 992 Concilio
437 958 608 991 damnatis.

142 1021 331 1065 Aliquando
369 1034 449 1053 vero
486 1034 528 1053 ne
562 1021 653 1053 idem
693 1021 830 1066 quidem
864 1033 987 1064 corpus
1017 1019 1051 1051 in
1084 1018 1185 1051 vitam

51 1083 237 1114 rediturum
266 1082 353 1116 visus
391 1092 439 1114 est
468 1082 656 1116 tradidisse.
718 1082 780 1115 His
816 1082 976 1114 videlicet
1009 1093 1184 1125 persuasus

53 1144 210 1188 Apostoli
236 1145 249 1175 I
276 1143 354 1176 Cor.
380 1144 456 1180 XV,
480 1144 531 1176 42.
556 1143 609 1177 43.
636 1143 689 1177 44.
739 1142 981 1176 »»Seminatur
1011 1142 1046 1174 in
1071 1155 1186 1174 corru—

53 1206 186 1249 ptione,
210 1205 315 1247 surgit
338 1204 372 1236 in
395 1204 668 1248 incorruptione:
698 1204 883 1237 seminatur
904 1204 939 1237 in
963 1203 1186 1246 ignobilitate,

53 1267 158 1310 surgit
182 1267 215 1299 in
238 1267 362 1309 gloria3
385 1265 572 1298 seminatur
588 1266 621 1298 in
642 1266 846 1306 infirmitate,
870 1266 975 1308 surgit
991 1265 1027 1298 in
1044 1265 1184 1298 virtute:

54 1329 238 1362 seminatur
261 1341 382 1373 corpus
407 1328 560 1368 animale,
584 1328 687 1369 surgit
703 1341 826 1372 corpus
840 1327 1028 1372 spirituale:
1045 1341 1084 1358 u«
1113 1341 1186 1360 cor-

53 1405 116 1435 pus
147 1400 413 1423 resurrecturum
453 1390 591 1434 quidem
626 1389 842 1428 existimavit,
879 1390 939 1421 sed
970 1389 1188 1422 immutatum

51 1462 179 1492 natura,
205 1462 237 1485 et
261 1465 278 1484 a
302 1451 416 1496 priore
442 1451 621 1490 diversum,
646 1464 684 1484 ac
707 1451 808 1496 plane
833 1451 941 1492 aliud3
967 1453 1188 1496 quemadmo-

53 1515 134 1546 dum
159 1527 176 1546 e
208 1526 309 1556 grano
340 1513 444 1546 tritici
475 1513 564 1557 spica
596 1513 702 1555 surgit
733 1527 749 1546 a
781 1526 882 1555 grano
915 1513 1062 1546 diversa:
1095 1515 1187 1559 quod

54 1574 245 1608 confirmari
268 1585 364 1619 putat
394 1575 459 1608 isto
493 1588 511 1608 e
548 1576 573 1607 l.
606 1576 648 1608 ad
683 1575 836 1608 Corinth.
862 1575 945 1614 XV,
974 1575 1028 1610 36.
1054 1575 1108 1610 37,
1133 1576 1188 1612 38,

57 1652 96 1669 »ιι
111 1637 282 1682 insipiens,
306 1647 343 1669 tu
368 1638 461 1682 quod
486 1636 647 1676 seminas,
678 1650 748 1669 non
773 1637 978 1676 vivificatur,
1009 1637 1072 1670 nisi
1095 1639 1188 1683 prius

54 1701 225 1733 moriatur.
276 1700 317 1731 Et
342 1699 435 1744 quod
467 1698 627 1737 seminas,
656 1712 724 1730 non
757 1711 880 1743 corpus
912 1699 1006 1743 quod
1037 1700 1190 1732 futurum

56 1772 105 1795 est
127 1763 280 1797 seminas.
305 1761 363 1793 sed
388 1761 518 1792 nudum
544 1773 701 1801 granum,
731 1769 770 1792 ut
794 1769 874 1804 puta
898 1760 1019 1801 tritici,
1049 1771 1107 1794 aut
1130 1762 1190 1794 ali-

57 1822 149 1867 cujus
179 1832 378 1856 ceterorum.
436 1822 529 1854 Deus
558 1831 670 1854 autem
702 1821 758 1854 dat
789 1821 838 1853 illi
871 1834 993 1865 corpus
1017 1814 1106 1855 εἰςιιῐγ
1128 1837 1188 1855 vo-

58 1884 138 1924 luit,
171 1893 204 1917 et
233 1884 416 1929 unicuique
447 1884 614 1916 seminum
646 1883 826 1929 proprium
858 1896 1042 1928 corpus.««
1091 1885 1189 1919 Unde

57 1947 133 1979 libr.
159 1947 200 1978 V.
227 1955 333 1979 contr.
362 1946 450 1978 Cels.
474 1959 568 1979 num.
590 1945 645 1980 22.
677 1955 814 1977 mortuo
853 1945 991 1989 corpori
1023 1947 1115 1979 velut
1140 1961 1190 1980 se-

56 2021 135 2041 men
160 2006 265 2039 futuri
290 2007 442 2051 corporis
462 2008 568 2041 inesse
595 2007 688 2047 dicit,
713 2007 910 2051 hominique
936 2020 953 2038 e
972 2008 1114 2041 mortuis
1138 2023 1190 2042 re-

57 2068 206 2112 surgenti
230 2081 351 2113 corpus
381 2082 444 2113 pro
475 2069 590 2102 divino
615 2069 754 2102 arbitrio
780 2069 978 2113 impositum
1003 2069 1053 2102 iri.
1103 2071 1191 2104 Tun.

59 2130 234 2165 concludit
257 2143 349 2163 num.
373 2129 428 2165 23.
469 2129 595 2175 εΗμεΐς
625 2132 695 2175 μὲν
727 2125 794 2165 οὖν
825 2128 868 2165 οὔ
894 2144 1019 2176 φαμεν
1042 2132 1081 2167 τὸ
1107 2135 1191 2168 δια-

60 2193 206 2240 φθαρὲν
237 2195 342 2237 σῶμα
374 2192 635 2238 ἐπανέρχεσθαι
671 2195 721 2232 εἰς
757 2192 822 2235 τὴν
852 2194 889 2232 ἐξ
920 2192 1030 2239 ἀρχῆς
1069 2193 1191 2240 φύσιν,

59 2254 106 2295 ὡς
132 2255 216 2291 οὐδὲ
243 2254 306 2290 τὸν
329 2255 584 2299 (ϊιιιφθαρένια
609 2252 742 2290 κόκκον
774 2257 835 2290 τοῦ
868 2259 968 2290 σίτου
993 2256 1191 2302 ἐπανέρχε-
