1403 2492
188 66 254 107 30'4
519 74 633 108 Perm
658 75 831 108 DANmms
855 75 988 110 llun‘rn

188 177 276 204 nam,
303 165 479 204 Arabiam,
502 164 738 207 phoeniciam,
776 174 809 198 et
834 166 1011 206 Achaiam,
1051 178 1135 211 qnae
1166 167 1320 209 origenis

188 236 301 270 partes
331 227 488 259 adversus
518 227 734 260 Demetrium
774 227 1038 260 Alexandrinum
1076 237 1201 262 tutatae
1235 239 1321 269 sunt,

190 298 304 332 aperte
330 289 462 320 easdem
497 288 675 322 luculentis
706 289 838 334 scriptis
869 289 992 323 deinde
1022 300 1321 335 propugnaverunt

188 350 365 389 Eusebius,
391 359 423 382 et
440 350 648 395 Pamphilus,
675 365 751 383 cum
768 351 801 384 in
819 351 1043 384 ecclesiastica
1062 352 1224 392 Historia,
1248 362 1320 385 tum

188 413 298 444 multo
323 411 426 454 magis
451 426 512 457 per
536 413 742 457 Apologiam
767 426 820 446 sex
845 413 949 446 libros
975 415 1209 458 complexam.
1235 426 1320 458 quo-

187 488 262 506 rum
287 474 404 506 unicus
428 485 589 519 superest.
639 476 735 508 Alios
760 489 895 520 quoque
923 475 1203 518 inagnimominis
1230 475 1320 508 viros

187 536 382 580 complures
418 537 555 570 Eusebii
593 538 803 582 temporibus
841 537 1025 582 Apologias
1066 551 1129 583 pro
1173 537 1320 579 Origene

186 598 358 642 scripsisse
390 598 491 631 tradit
515 599 658 631 Photius
683 599 768 633 Cod.
796 599 872 634 118.
920 601 1010 632 lnter
1036 599 1232 641 origeniani
1258 612 1319 632 no-

186 660 284 693 minis
309 662 457 693 fautores
487 661 704 694 Athanasium
730 661 829 706 ponit
856 661 1045 706 Stephanus
1060 661 1236 701 Tritheita,
1261 674 1319 694 co-

183 732 367 763 gnomento
400 723 574 762 Gobarus,
615 722 708 767 cujus
741 732 897 767 excerpta
927 724 1027 756 habet
1056 723 1198 757 Photius
1231 724 1316 758 Cod.

181 783 261 819 232.
309 784 369 817 llis
402 785 627 818 accensendus
658 783 826 831 Didymus
853 785 1125 825 Alexandrinus,
1165 785 1222 831 qui
1253 798 1316 831 pro

184 846 331 888 Origene
359 846 620 891 Apologeticum
647 846 762 886 edidit,
787 855 820 879 et
844 847 941 880 Titus
958 847 1158 887 Bostrensis,
1183 857 1214 880 et
1231 847 1318 881 Gre-

183 908 269 951 gorii
294 909 406 948 ambo,
431 909 677 941 Nazianzenum
704 908 800 949 dico,
833 918 867 941 et
889 909 1094 955 Nyssenum,
1122 909 1178 954 qui
1202 922 1219 943 a
1245 909 1316 943 Go-

181 971 265 1002 baro
292 980 620 1009 eoinmeilrorantur,
654 980 686 1003 et
709 971 857 1003 Joannes
882 971 1212 1013 llierosnlymitanus
1235 972 1316 1005 assi-

181 1032 256 1064 duis
282 1045 355 1065 eam
381 1034 425 1064 ob
457 1046 527 1065 rem
552 1033 735 1077 Epiphanii
768 1042 800 1065 et
824 1032 1024 1079 Hieronymi
1054 1033 1189 1078 probris
1214 1034 1316 1067 laces-

182 1094 273 1126 situs.
323 1094 538 1127 Methodium
566 1107 718 1138 quoque,
754 1095 920 1127 insensum
953 1095 1052 1127 illum
1081 1095 1235 1138 Origenis
1259 1096 1317 1129 ad-

183 1156 378 1196 versarium,
402 1156 451 1188 sni
475 1156 657 1200 aliquando
684 1156 754 1188 odii
779 1156 966 1201 poenituit,
993 1166 1026 1190 et
1050 1156 1138 1190 inter
1161 1157 1233 1203 ejus
1257 1158 1315 1191 ad-

181 1218 358 1251 miratores
382 1232 419 1250 ae
445 1219 639 1265 defensores
663 1231 788 1250 nomen
821 1232 917 1251 suum
942 1219 1114 1263 professus
1139 1228 1197 1252 est.
1245 1220 1315 1253 Τυ-

181 1281 221 1313 lit
245 1279 362 1313 eadem
393 1290 482 1313 aetas
511 1279 777 1313 addictissimum
811 1280 949 1323 Origeni
982 1281 1143 1313 Rufinum
1177 1282 1316 1327 Aquile-

180 1343 319 1389 jensem,
345 1353 378 1376 et
399 1342 597 1376 innumeros
620 1355 682 1387 per
709 1345 898 1388 Aegyptum
926 1341 1095 1387 dispersos
1119 1344 1312 1384 monachos,

179 1405 331 1438 maximis
356 1405 473 1437 eadem
499 1405 540 1437 de
566 1417 661 1436 causa
687 1417 762 1436 cum
788 1403 983 1448 Theophilo
1007 1405 1232 1438 Alexandrino
1258 1419 1313 1452 ve·

178 1467 388 1500 litationibus
415 1466 635 1499 conflictatos.
685 1465 853 1511 Anonymi
879 1466 1050 1512 cujusdam
1083 1469 1183 1501 toties
1207 1480 1224 1501 a
1248 1482 1310 1501 no-

178 1529 228 1561 bis
254 1528 318 1574 jam
343 1541 442 1572 supra
468 1527 593 1560 tanda-ti
619 1527 822 1571 Apologiam
855 1540 917 1570 pro
955 1528 1101 1569 Origene
1134 1530 1251 1571 legisse
1275 1543 1310 1564 se.

177 1600 320 1624 testatur
345 1590 485 1623 Photius
518 1589 603 1623 Cod.
635 1589 709 1627 117.
759 1589 913 1622 Auctoris
945 1602 1070 1622 nomen
1103 1600 1135 1623 et
1165 1601 1309 1625 aetatem

178 1652 313 1685 silentio
351 1652 481 1697 pressit.
546 1650 639 1694 Quid
678 1649 745 1696 jam
783 1651 988 1684 recentiores
1030 1665 1310 1694 commemorem,

176 1716 342 1747 Joaunem
368 1714 486 1747 Picum
512 1713 810 1755 Mirandulanum,
840 1713 1007 1746 Jacobum
1039 1713 1224 1747 Merh'num
1249 1717 1308 1749 Vi-

177 1776 415 1816 cturniensem,
438 1775 657 1808 Desiderium
682 1775 858 1808 Erasmum
882 1775 1152 1816 ltoterodanum,
1176 1777 1307 1811 Sixtum

176 1839 370 1878 senensem,
397 1837 578 1871 Claudium
608 1837 857 1881 Espencaeum,
892 1837 1084 1870 Gitbertum
1117 1838 1307 1872 Genebrar-

176 1902 269 1941 dum,
294 1911 328 1933 et
352 1900 533 1933 novissime
558 1900 696 1932 Petrum
729 1899 945 1939 IIalloxium,
984 1913 1130 1944 quorum
1155 1901 1307 1934 luculen-

174 1973 226 1996 tae
252 1972 379 1996 exstant
402 1963 436 1995 in
461 1961 616 2004 Origenis
641 1961 872 1994 defensionem
899 1961 1173 1994 dissertationes?

264 2025 323 2058 ΙΙΙ.
372 2025 505 2058 Horum
543 2024 679 2069 quidem
712 2023 904 2068 exemplum
937 2023 1008 2056 sine
1043 2023 1306 2068 reprehensione

173 2087 291 2119 sectari
316 2100 369 2120 me
394 2086 546 2131 potuisse
577 2095 681 2130 put03
712 2097 820 2128 neque
853 2083 917 2117 seci
947 2094 1078 2126 tamen,
1113 2098 1175 2117 nec
1198 2099 1303 2130 porro

173 2148 309 2181 faciam:
342 2149 374 2181 in
405 2157 557 2181 neutram
591 2146 679 2179 enim
710 2155 839 2190 partem
867 2145 967 2178 nimis
1000 2146 1150 2190 conspici
1182 2147 1301 2180 velim:

173 2219 302 2242 tantum
329 2210 409 2255 quid
435 2210 604 2254 utrimque
631 2208 746 2241 afferri
770 2207 803 2240 in
828 2207 1020 2240 universum
1046 2208 1163 2252 possit,
1188 2209 1302 2254 dispu-

174 2272 264 2305 tabo.
318 2272 488 2312 Primum,
524 2271 604 2316 quid
645 2270 798 2312 Origenis
835 2282 966 2303 caussae
1000 2270 1143 2303 maxime
1181 2271 1300 2310 faveat,
