1403 2492
168 89 214 124 58
494 87 608 122 Pss‘rm
640 89 814 123 Dmmus
839 90 970 123 nomn

168 179 240 225 ipse
265 179 328 213 sibi
353 187 403 212 est
427 178 497 219 lex,
533 181 712 213 ostendens
739 193 824 225 opus
851 180 931 223 legis
955 180 988 213 in
1022 181 1126 213 corde
1157 193 1238 222 suo,
1274 191 1307 214 et

167 241 313 274 naturali
337 240 466 273 ratione
489 241 661 283 immotus,
684 243 771 276 sicut
795 243 949 275 videmus
969 243 1154 276 nonnullos
1166 242 1199 275 in
1217 243 1308 276 Gen-

167 304 268 343 tibus,
294 303 348 335 vel
375 301 535 348 justitiam
559 313 692 345 teneat,
717 305 769 337 vel
796 306 981 338 castitatem
1005 314 1125 345 servet,
1150 304 1203 337 vel
1228 318 1308 349 pru-

170 367 331 406 dentiam,
352 365 626 410 temperantiam,
658 368 927 413 modestiamque
961 367 1144 409 custodiat3
1174 367 1236 400 iste
1270 367 1309 399 li-

170 439 224 463 cet
250 429 377 462 alienus
402 440 419 460 a
444 427 510 460 vita
536 428 688 461 videatur
713 439 856 470 aeterna,
883 430 960 475 quia
986 442 1055 462 non
1081 430 1186 462 credit
1213 429 1308 464 Clu-i-

168 501 233 533 sto,
259 502 290 525 et
312 491 436 524 intrare
460 503 530 522 non
555 479 676 535 possit·
698 491 730 524 in
762 505 902 534 regnum
934 492 1130 532 coelorum,
1156 492 1233 536 quia
1257 504 1309 524 re-

167 564 262 588 natus
285 567 355 586 non
380 562 429 586 est
453 565 491 584 ex
516 565 601 598 aqua
627 563 659 586 et
689 553 829 599 spiritu,
862 554 994 589 videtur
1024 563 1135 587 tamen
1153 555 1183 599 ¹)
1216 555 1308 599 quod

166 629 230 662 per
253 617 352 656 haec,
384 628 469 660 quae
503 615 661 648 dicuntur
683 617 725 649 ab
750 618 937 661 Apostolo,
968 618 1138 649 bonorum
1166 629 1308 662 operum

166 678 319 722 gloriam,
343 686 375 710 et
401 677 566 709 honorem
582 703 590 717 ‚
616 687 649 710 et
672 691 790 723 pacem
813 669 956 722 p‘erdere
980 678 1113 723 penitus
1138 691 1206 711 non
1230 691 1308 724 pos-

166 741 244 774 sin«
294 739 453 772 Pluribus
479 739 602 772 deinde
634 750 866 783 argumentum
899 740 990 773 idem
1023 740 1192 785 expendit.
1240 741 1306 774 Re-

166 803 256 836 sellit
281 815 417 848 quoque
439 802 615 835 Jansenius
647 816 724 836 cum
757 803 988 847 supcrioribus
1019 803 1163 835 alterum
1190 803 1305 836 locum

167 866 370 905 Adamanfii,
396 864 453 910 qui
479 877 546 897 non
563 864 635 898 sine
655 865 810 914 cautione
827 878 905 898 sane
922 865 1113 898 tractandus
1132 874 1190 900 cst.
1224 866 1306 898 »ln-

167 928 302 961 venitur
314 928 348 973 ²)
374 927 512 973 quidem
529 928 659 966 Deus,«
688 927 797 972 inqui-t
812 927 976 970 Origenes
1001 927 1058 960 lib.
1078 929 1140 962 ΠΙ.
1159 928 1193 961 in
1208 927 1305 973 epist.

167 992 208 1024 ad
227 992 327 1024 Rom.
352 1003 444 1022 num.
463 989 506 1029 6.,
534 989 691 1022 »dedisse
709 989 839 1022 homini
858 1003 975 1023 omnes
995 990 1149 1033 affectus,
1175 1003 1307 1023 omnes-

166 1066 230 1098 que
254 1061 386 1093 motus,
419 1051 540 1096 quibus
570 1051 612 1084 ad
645 1051 803 1084 virtutem
835 1051 897 1083 niti
929 1051 1035 1096 possit
1066 1061 1097 1085 et
1129 1053 1306 1097 progredi:

165 1117 304 1161 insuper
334 1106 435 1148 etiam
467 1112 541 1146 vim
569 1114 706 1146 rationis
737 1113 933 1151 inseruisse.
970 1114 1080 1160 qua³)
1111 1124 1307 1157 agnosceret

165 1177 246 1223 quid
279 1178 420 1210 deberet
449 1189 563 1219 agere,
601 1177 682 1222 quid
715 1188 841 1208 cavere.
897 1175 990 1208 Haec
1021 1188 1099 1218 ergo
1135 1176 1307 1209 invenitur

163 1240 258 1272 Deus
291 1239 519 1273 communiter
550 1238 706 1271 omnibus
735 1238 929 1271 hominibus
960 1238 1175 1283 praestitisse.
1235 1239 1305 1272 Sed

163 1302 191 1335 si
215 1302 265 1335 his
289 1302 436 1347 acceptis
460 1301 565 1334 homo
586 1301 733 1343 neglexit
757 1301 821 1333 iter
844 1301 976 1333 virtutis
992 1300 1161 1340 incedere,
1186 1300 1240 1334 cui
1265 1314 1304 1334 ex

163 1365 242 1398 Deo
267 1363 351 1396 nihil
377 1362 496 1404 defuit,
520 1363 689 1396 invenitur
711 1362 782 1406 ipse
809 1363 955 1395 defuisse
980 1362 1036 1403 iis,
1070 1376 1155 1408 quae
1182 1376 1200 1396 a
1224 1363 1303 1396 Deo

163 1427 240 1459 data
271 1434 349 1458 sunt
378 1424 480 1457 sibi.«
537 1424 630 1457 Haec
667 1424 817 1469 quamvis
848 1424 1132 1467 Pelagianismum
1162 1425 1304 1469 sapiant,

163 1489 331 1532 geminam
354 1497 466 1520 tamen
493 1486 760 1530 expositionem,
795 1499 937 1532 eamque
969 1486 1195 1519 orthodoxam
1219 1486 1303 1519 reci-

161 1564 244 1596 pere
266 1558 425 1595 possunt,
466 1549 518 1581 vel
548 1548 769 1591 intelligendo
806 1550 944 1590 gratiam
976 1549 1250 1582 hominirdatam
1284 1562 1302 1582 a

161 1614 253 1654 Deo,
280 1625 365 1658 quae
390 1611 493 1654 gratia
522 1612 565 1644 ad
595 1612 737 1657 salutem
771 1611 1022 1656 adipiscendam
1051 1611 1214 1653 sufficiat3
1245 1612 1300 1644 vel

161 1676 383 1718 intelligendo
417 1675 525 1716 legem
556 1683 710 1713 naturae,
748 1673 842 1720 cujus
874 1686 940 1718 ope
973 1673 1074 1707 etiarn
1098 1673 1233 1707 Ethnici
1258 1674 1300 1706 ad

160 1737 301 1771 virtutes
325 1737 472 1770 morales
494 1736 556 1768 niti
580 1745 740 1781 possunt;
763 1749 834 1768 non
858 1736 899 1768 ad
925 1749 989 1776 eas,
1015 1749 1099 1781 quae
1119 1736 1299 1781 quicquam

162 1801 338 1833 conserant
361 1800 403 1832 ad
426 1798 587 1831 salutem:
624 1797 679 1830 hic
712 1799 801 1831 enim
835 1798 942 1841 gravis
972 1807 1058 1831 esset
1093 1811 1205 1838 error,
1245 1797 1300 1830 cui

160 1863 232 1897 sine
256 1862 397 1895 crimine
421 1861 629 1906 patrocinari
651 1874 720 1893 non
746 1861 874 1893 liceret.

252 1925 310 1960 lX.
355 1925 454 1958 Certe
488 1923 628 1968 aliquod
660 1922 743 1955 boni
773 1935 875 1964 genus
911 1935 949 1955 ex
981 1923 1015 1955 vi
1045 1931 1183 1955 naturae
1215 1922 1297 1955 oriri

160 2001 260 2033 posse
285 1995 479 2021 sanctorum
496 1986 634 2018 Patrum
660 1997 776 2026 magna
802 1997 877 2027 pars
904 1985 1038 2029 opinata
1064 1994 1123 2025 est,
1147 1986 1206 2018 sed
1230 1986 1299 2017 Au—

161 2050 311 2092 gustinus
325 2048 533 2093 praesertim,
554 2046 647 2092 cujus
670 2046 702 2078 in
722 2046 916 2092 hujusmodi
936 2047 1187 2092 quaestionibus
1200 2059 1296 2092 prae-

257 2190 288 2232 ¹)
314 2189 419 2220 Deest
447 2197 609 2220 »tamen«
638 2187 670 2219 in
696 2188 772 2221 edd.
798 2187 839 2220 H.

254 2244 288 2290 Ἰ)
313 2245 376 2277 Ed.
403 2244 525 2276 Buaei:
549 2244 812 2283 „lun-nicturst

253 2301 288 2345 3)
312 2301 398 2334 Edd.
424 2299 555 2333 Huetii:
582 2303 724 2344 ,‚quo.“
