1403 2492
184 101 229 139 54
518 98 631 134 Pssrm
662 99 840 132 Dmmus
865 99 997 134 Hue'rn

192 193 285 228 Evae
311 189 491 233 imaginem
518 202 587 224 esse
614 189 695 223 ‹iicit
721 189 904 235 spirituaiis
930 189 1022 223 iltius
1047 188 1214 236 conjugii,
1243 189 1336 236 quod

190 253 392 288 rationalem
429 251 576 285 hominis
614 261 746 297 partem
783 252 919 285 animali
964 251 1119 294 colligat;
1162 260 1235 284 tum
1275 252 1340 286 ait:

193 315 356 349 »Deinde
380 324 420 348 ut
445 314 587 360 quisque
613 314 690 347 huic
723 327 802 347 suae
828 315 916 360 parti
942 323 1034 347 recte
1061 313 1276 354 dominetur,
1307 323 1341 346 et

191 378 249 411 siat
273 377 368 423 quasi
394 376 579 423 conjugalis
604 377 639 409 iu
663 390 698 409 sc
723 377 818 421 ipso,
855 386 892 408 ut
925 388 1002 408 caro
1028 388 1097 408 non
1125 362 1341 420 concup-iscat

192 441 351 473 adversus
375 439 549 484 spiritum,
584 439 643 471 scd
667 438 801 483 spiritui
827 438 1040 482 subjugetur:
1071 437 1108 470 id
1133 447 1192 477 est,
1217 450 1342 471 concu-

193 501 356 547 piscentia
381 500 522 534 carnalis
553 513 622 533 non
655 498 851 533 adversetur
883 500 1025 539 rationi,
1057 500 1116 533 sed
1139 501 1255 545 potius
1280 500 1343 533 ob-

191 563 416 610 temperando
443 562 573 596 desinat
597 575 667 595 esse
693 562 851 603 carnalis,
886 575 971 607 opus
997 562 1098 595 habet
1121 562 1273 607 perfecta
1294 574 1344 594 sa·

193 625 362 672 pientia.«
412 623 532 659 Trahit
555 624 637 657 haec
662 623 697 656 in
723 625 867 658 eundem
900 637 1033 658 sensum
1059 623 1137 658 libr.
1162 624 1188 658 I.
1215 624 1256 657 de
1282 624 1343 656 do-

195 687 302 721 ctrina
335 686 461 720 Christi
493 699 565 732 cap.
597 685 672 727 24„
704 695 736 718 et
772 686 915 720 libr.‘X.
947 687 989 719 de
1021 686 1147 720 Genesi
1180 686 1222 719 ed
1257 685 1344 719 liter.

197 763 270 795 cap.
298 749 350 785 12.
400 750 513 782 Verba
537 758 683 793 propter
706 748 938 793 prolixitatem
969 760 1039 780 non
1062 757 1194 792 repeto.
1241 747 1345 781 Pror-

197 825 253 845 sus
278 825 360 845 νει-ο
382 810 629 857 Ὡριγενικῶς,
655 810 689 843 in
714 810 909 843 LXXXIII.
949 808 1184 853 Quaestionib.
1204 808 1344 853 Quaest.

198 874 252 909 70.
303 873 419 907 »Caro
446 872 655 918 concupiscit
681 872 840 905 adversus
863 871 1040 916 spiritum,
1071 880 1104 904 et
1127 871 1265 916 spiritus
1287 872 1342 904 ad-

199 948 314 968 versus
341 948 485 968 carnem.
535 936 627 968 Haec
654 934 743 967 enim
768 934 913 967 invicem
939 933 1003 966 sibi
1029 933 1206 973 resistunt,
1231 943 1265 967 et
1288 934 1347 967 ad·

201 1007 391 1038 versantur,
423 1007 461 1030 ut
491 1010 560 1030 non
594 1009 814 1041 quaecunque
839 995 962 1036 vultis,
991 996 1047 1028 illa
1078 995 1218 1028 faciatis.
1265 995 1347 1029 Fuit

200 1072 280 1103 ergo
317 1073 379 1104 per
409 1058 710 1092 sanctificationem
749 1056 952 1101 perfectam,
988 1067 1025 1090 ut
1064 1057 1174 1090 omnis
1207 1057 1347 1090 carnalis

199 1122 372 1167 appetitus
396 1120 529 1166 spiritui
558 1129 678 1154 nostro
705 1119 916 1158 illuminato,
950 1128 982 1151 ct
1008 1118 1196 1160 vivificato,
1226 1119 1260 1152 id
1287 1129 1347 1165 est,

200 1185 311 1217 bonae
336 1182 504 1216 voluntati
528 1181 762 1228 subjiciaturss

291 1245 361 1279 Sed
387 1244 469 1290 quid
495 1244 672 1286 Augustini
696 1243 933 1276 auctoritatem
961 1243 1198 1287 praeteximus,
1219 1252 1259 1276 ut
1280 1243 1347 1289 spi-

203 1307 306 1340 ritum
332 1307 431 1340 illum
457 1305 564 1339 carnis
589 1306 818 1339 adversarium
843 1318 944 1350 saepe
967 1319 1031 1350 pro
1058 1305 1189 1338 animae
1206 1304 1346 1352 ἡγεμο-

207 1371 309 1413 νικῷ,
334 1368 388 1400 vel
413 1367 484 1413 ipsa
511 1377 600 1400 certe
627 1368 735 1400 anima
768 1367 854 1400 sumi
887 1368 1089 1411 probemus,
1123 1381 1199 1400 cum
1233 1367 1268 1400 id
1298 1377 1349 1401 tot

205 1431 403 1475 Scripturae
428 1429 513 1462 locis
547 1429 670 1461 confici
704 1428 836 1473 possit?
871 1428 964 1461 velut
996 1428 1058 1461 illo
1084 1429 1204 1463 Mauh.
1220 1430 1348 1470 XXVI,

206 1493 262 1532 41,
288 1507 304 1521 υ
317 1491 491 1536 »Spiritus
504 1491 645 1536 quidem
662 1501 818 1536 promtus
839 1501 898 1530 cst,
913 1504 991 1524 caro
1009 1501 1120 1524 autem
1138 1491 1317 1525 infirma:«
1329 1507 1345 1523 u

206 1564 240 1587 et
264 1554 327 1586 illo
353 1555 367 1586 I
394 1553 473 1587 Cor.
499 1553 541 1593 V,
566 1554 596 1587 5.
623 1553 704 1585 coll.
729 1551 760 1587 3.
811 1570 828 1584 n
841 1553 940 1595 »Ego
960 1552 1107 1598 judicavi
1132 1554 1264 1592 tradere
1290 1553 1350 1586 hu-

204 1616 354 1664 jusmodi
381 1616 523 1649 Satanae
548 1615 581 1648 in
606 1614 783 1648 interitum
806 1614 926 1655 carnis,
951 1625 988 1648 ut
1013 1614 1150 1661 spiritus
1173 1614 1284 1648 salvus
1307 1615 1350 1650 sit

205 1678 240 1711 in
274 1678 330 1711 die
367 1677 512 1710 Domini
547 1668 655 1710 nostri
692 1677 774 1709 Jcsu
812 1675 1014 1710 christiam
1058 1687 1091 1711 et
1121 1678 1184 1710 illo
1209 1678 1240 1710 ΙΙ
1268 1677 1348 1711 Cor.

206 1740 285 1779 VH,
311 1739 340 1774 1.
392 1740 656 1773 »»Mundemus
691 1752 753 1771 nos
780 1739 821 1770 ab
847 1738 940 1770 omni
963 1738 1218 1784 inquinamento
1244 1739 1351 1773 carnis

209 1811 242 1834 et
265 1801 476 1846 spiritus:««
511 1811 544 1834 et
575 1802 638 1847 illo
670 1801 757 1846 Eph.
783 1798 847 1840 IV,
878 1800 932 1834 20.
964 1800 1018 1834 21.
1043 1801 1097 1835 22.
1121 1801 1175 1836 23.
1226 1815 1242 1830 »
1256 1802 1351 1834 »Vos

211 1873 325 1897 autem
348 1876 418 1896 non
442 1863 489 1896 ita
513 1862 679 1896 didicistis
708 1862 903 1901 Christum,
935 1862 962 1894 si
992 1871 1104 1894 tamen
1135 1862 1232 1895 illum
1258 1862 1353 1896 andi-

209 1926 282 1966 stis‚
305 1935 338 1958 et
361 1925 394 1958 in
419 1925 494 1970 ipso
521 1925 635 1958 edocti
661 1924 756 1963 estis,
782 1924 869 1956 sicut
895 1933 943 1956 est
968 1923 1088 1956 veritas
1112 1924 1146 1956 in
1169 1925 1269 1957 Jesu:
1296 1925 1354 1957 de-

211 2000 341 2032 ponere
367 1999 438 2028 vos,
463 1987 649 2020 secundum
674 1985 850 2030 pristinam
874 1986 1178 2026 conversationem,
1204 1995 1352 2019 veterem

212 2049 408 2089 hominem,
445 2048 503 2093 qui
538 2048 769 2092 corrumpitur
799 2048 985 2081 secundum
1015 2047 1182 2081 desideria
1218 2048 1351 2081 erroris.

211 2111 438 2145 Renovamini
463 2119 575 2143 autem
600 2110 721 2154 spiritu
747 2110 867 2142 mentis
892 2119 1041 2150 vestrae,
1074 2119 1108 2142 et
1138 2109 1269 2142 induite
1294 2123 1355 2142 no·

214 2187 294 2206 vum
318 2172 573 2206 hominemza«
601 2181 633 2204 et
658 2172 718 2204 illo
747 2173 759 2204 1
786 2172 902 2205 Thess.
917 2172 958 2212 V,
982 2171 1036 2206 23.
1089 2171 1216 2216 ›=»Ipse
1242 2182 1353 2204 autom

213 2236 309 2268 Deus
335 2234 425 2280 pacis
450 2234 638 2267 sanctificet
664 2247 721 2266 vos
745 2246 807 2278 per
832 2234 962 2267 onmia:
995 2243 1029 2266 ut
1059 2232 1188 2275 integer
1218 2233 1355 2278 spiritus

217 2306 342 2337 vester,
375 2306 407 2329 et
432 2296 561 2336 anima,
592 2305 622 2328 ct
651 2309 774 2339 corpus
798 2296 868 2329 sinc
894 2295 1030 2341 quercla
1055 2294 1088 2328 iu
1113 2295 1257 2328 adventu
1283 2295 1357 2328 Do-
