1403 2492
151 68 219 104 264
487 69 600 104 Parin
623 69 795 104 DAuums
822 69 955 105 Huc-ru

153 164 292 196 Anaua
323 159 397 206 γὰρ
428 159 446 202 ἡ
490 164 695 206 νομοθεσία
727 160 831 195 δοκεῖ
866 163 939 198 τοῖς
968 156 1127 205 ἀνδράσι
1155 158 1292 198 τούτοις

158 224 315 260 ἐοικέναι
338 220 428 267 ζώῳ·
454 223 515 256 καὶ
540 224 647 268 σῶμα
671 223 742 267 μὲν
756 221 930 267 ἔχεινιὰς
946 219 1052 269 ῥητὰς
1068 223 1188 260 λέξεις,
1214 228 1290 264 ψυ-

152 284 225 328 χὴν
249 284 289 318 δὲ
313 282 378 318 τὸν
402 284 690 328 &anonim-voit
727 288 802 323 ταῖς
832 286 969 323 λέξεσιν
1004 280 1163 328 ἀόρατον
1193 283 1292 316 νοῦν.

156 344 270 388 Quam
293 345 551 379 similitudinem
576 346 741 388 Origenes
766 358 903 391 quoque
928 345 1110 390 usurpavit,
1135 354 1174 377 ut
1196 356 1295 388 supe·

155 406 224 439 rius
250 406 380 441 dictum
405 419 464 442 est.
513 410 631 455 Itaque
654 409 681 442 si
709 418 795 441 stare
821 407 965 440 velimus
985 407 1039 447 id,
1063 407 1156 453 quod
1179 405 1297 439 scribit

159 469 200 501 de
224 469 372 503 Philone
396 471 538 504 Photius
565 470 652 504 Cod.
681 470 755 506 105.
800 470 858 510 Ἐξ
884 463 946 510 οὗ,
979 467 1102 515 οἶμαι,
1131 470 1193 504 καὶ
1224 471 1296 507 πᾶς

159 529 178 566 ὁ
204 531 442 579 ἁλληγορικός
471 535 532 576 τῆς
556 534 703 578 γραφῆς
734 533 774 567 ἐν
798 534 837 580 τῇ
862 534 1033 577 ἐκκλησίᾳ
1059 530 1168 577 λόγος
1190 531 1297 576 ἔσχεν

158 592 276 638 ἀρχὴν
300 596 504 641 εἰσρυῆναι·
541 605 573 627 et
599 595 693 640 quod
725 595 770 628 ait
803 594 1048 636 Bellarminus‚
1089 592 1297 627 Testamenti

156 655 290 689 Veteris
313 656 505 701 Scripturas
529 657 711 690 Philonem
739 658 887 703 primum
913 657 1117 703 exposuisse,
1141 656 1188 689 ita
1211 657 1298 689 acci·

156 717 319 761 piendum
346 728 406 756 est,
432 719 580 764 primum
608 732 726 752 eorum
753 733 822 752 esse
847 719 1046 760 Philonem,
1071 731 1217 763 quorum
1243 731 1298 750 ex-

156 779 346 823 positiones
370 781 404 814 in
428 782 684 815 Testamentum
711 782 814 815 Vetus
838 783 880 815 ad
903 781 987 815 hanc
1012 791 1156 814 aetatem
1180 793 1298 826 perve-

157 851 294 876 nerunt.
342 843 430 877 Cum
456 853 586 877 veteres
611 857 690 886 crgo
705 831 940 889 Therapeutae
965 843 1133 888 majorum
1157 855 1297 876 suorum

156 901 309 938 instituta
333 916 573 952 persequentes
597 906 809 952 Scripturam
841 906 1033 949 allegoricis
1058 905 1300 950 explanationi-

157 965 220 998 bus
251 966 477 1010 illustrarent,
518 970 604 1002 hanc
643 970 685 1001 ab
716 969 783 1001 illis
818 968 1096 1002 consuetudinem
1129 967 1298 1013 accepisse

156 1026 338 1061 Philonem
364 1029 474 1075 ipsum
501 1031 683 1063 verisimile
710 1040 775 1071 est,
812 1031 906 1076 cujus
932 1031 1124 1064 luculentae
1149 1030 1184 1062 in
1209 1029 1301 1063 Scri-

158 1098 291 1133 pturam
317 1091 500 1133 allegoriae
524 1101 713 1137 supersunt.
761 1093 977 1126 Aristobulus
997 1105 1133 1138 quoque
1149 1091 1301 1125 Judaeus

158 1151 305 1185 Philone
345 1155 509 1188 vetustior
544 1155 808 1188 Commentariis
855 1155 921 1187 suis
961 1155 995 1187 in
1031 1154 1298 1187 pentateuchum

158 1214 277 1254 Mosis,
302 1215 481 1258 allegorias
503 1216 701 1250 inseruerat.
750 1219 795 1251 At
808 1217 1017 1267 Porphyrius
1041 1217 1132 1262 apud
1155 1217 1301 1249 eundem

157 1276 344 1310 Eusebium
369 1278 446 1311 libr.
474 1267 528 1311 Vl.
576 1280 704 1312 Hister.
731 1292 804 1324 cap.
830 1279 881 1314 19.
907 1281 1029 1320 refert,
1055 1279 1238 1322 Origenem
1263 1292 1302 1312 ex

159 1339 292 1372 assidua
316 1339 484 1373 librorum
510 1341 752 1375 Chaeremonis
777 1342 903 1382 Stoici,
936 1351 968 1375 et
1003 1342 1148 1375 Cornuti
1179 1351 1300 1374 tracta-

157 1400 262 1441 tione,
294 1402 450 1436 haustum
479 1403 568 1436 hunc
596 1405 833 1446 allegoriarum
865 1406 1007 1438 modum
1038 1405 1080 1437 ad
1110 1404 1302 1449 Scripturas

158 1475 268 1496 sacras
291 1465 509 1498 transtulisse.
559 1465 630 1499 Cur
660 1479 729 1499 non
755 1476 788 1499 et
813 1479 854 1499 eo
880 1466 1066 1512 impulsum
1091 1467 1200 1498 dicam
1227 1466 1301 1498 Μυ-

159 1525 294 1558 trodori
317 1526 536 1572 Lampsaceni
562 1529 730 1573 exemplo,
756 1541 857 1574 quem
882 1537 992 1561 narrat
1005 1527 1166 1561 Tatianus
1192 1537 1300 1561 totum

159 1587 350 1620 Homerum
376 1588 409 1621 in
435 1589 611 1632 allegorias
636 1590 782 1632 traxisse,
809 1600 841 1623 et
865 1590 1056 1623 Heraclidis
1081 1589 1215 1622 Pontici
1230 1589 1301 1622 Ho-

159 1649 361 1683 mei-icarum
386 1651 625 1693 allegoriarum
650 1652 851 1696 scriptoris?
887 1652 1057 1697 Equidem
1089 1660 1222 1696 praeter
1245 1664 1301 1683 su-

159 1711 295 1757 periora
318 1713 464 1746 Paulum
497 1715 680 1759 praecipue
712 1715 851 1757 Origeni
883 1723 1057 1747 auctorem
1090 1713 1190 1746 fuisse
1223 1726 1300 1746 cen·

159 1787 230 1814 seo,
255 1788 315 1807 cur
338 1775 535 1818 allegoricas
562 1776 789 1821 expositiones
812 1785 1014 1809 sectaretur:
1046 1775 1073 1808 is
1096 1787 1243 1820 namque
1267 1775 1302 1807 in

161 1850 213 1882 ep.
239 1838 280 1870 ad
306 1837 444 1871 Galatas
469 1851 530 1883 per
554 1838 750 1881 allegoriam
777 1839 865 1871 dicta
890 1838 1018 1879 sciscit,
1043 1851 1127 1882 quae
1153 1838 1188 1870 in
1212 1837 1302 1871 Scri·

159 1909 258 1944 ptura
283 1900 325 1932 de
352 1900 465 1932 lsaaco
492 1910 524 1933 et
549 1902 710 1941 lsnia'eile,
748 1901 813 1933 hoc
847 1912 885 1933 ex
911 1900 1033 1933 ancilla
1057 1910 1158 1940 nato,
1192 1899 1255 1932 illo
1283 1912 1299 1931 e

159 1962 283 2003 libera,
315 1972 636 1996 commemorantur.
693 1963 775 1996 lude
817 1962 981 2004 Origenes
1020 1963 1078 1996 lib.
1106 1963 1162 1996 lv,
1194 1971 1301 1996 contr.

160 2023 248 2058 Cels.
281 2037 373 2058 num.
398 2024 452 2059 44.
502 2023 665 2070 Νύμφας
696 2038 731 2060 τε
765 2028 826 2060 καὶ
858 2027 1127 2073 θεραπαινίδας
1159 2023 1301 2069 ἀνάγε-

160 2091 245 2120 σθαι
275 2087 338 2121 ἐπὶ
362 2090 610 2134 τροπολογίαν
633 2088 700 2132 οὑχ
721 2087 822 2134 ἡμεῖς
840 2087 1078 2133 διδάσκομεν,
1105 2086 1178 2121 ἀλλ’
1200 2084 1300 2121 ἅνω-

160 2154 227 2183 θεν
252 2148 325 2183 ἀπὸ
351 2151 482 2195 coquin
505 2148 804 2195 παρειλήφαμεν·
837 2144 888 2186 ὧν
912 2147 960 2190 εἷς
985 2165 1034 2190 τις
1059 2151 1196 2195 ἔφασκε
1221 2149 1298 2184 διε-

160 2214 294 2255 γείρων
317 2210 381 2246 τὸν
406 2211 587 2257 ἀκροατὴν
620 2213 681 2246 ἐπὶ
714 2217 972 2259 προπολογίας·
1008 2215 1148 2257 »λέγειέ
1175 2225 1240 2256 μοι
1265 2212 1298 2243 οἵ

161 2272 223 2308 τὸν
250 2271 367 2317 νόμον
399 2272 729 2319 ἀναγινώσκοντες,
771 2275 832 2311 ιὸν
864 2274 981 2322 νόμον
1013 2275 1078 2310 οὐκ
1104 2273 1293 2311 ciaconium«

296 2425 309 2433 o
