1403 2492
308 102 311 106 ·
358 94 668 126 Omofimfflonum
697 91 809 123 mez
835 90 878 121 ΙΙ.
1140 90 1180 124 77

50 182 120 215 ulla
151 182 361 215 dubitatione
395 181 559 220 confidat,
584 180 618 212 in
641 178 739 212 nobis
765 187 832 219 est;
870 179 955 210 ratio
988 190 1068 211 vero
1099 179 1179 211 fidei

50 243 172 288 ipsius,
199 254 231 276 et
254 243 411 282 scientia,
436 252 469 275 et
492 243 661 287 perfectus
686 253 815 280 eorum,
836 239 865 283 ¹)
890 252 974 284 quae
1000 240 1178 281 credimus,

50 304 240 338 intellectus
266 305 411 338 donatur
434 317 451 337 a
475 304 562 337 Deo.
576 318 592 332 «t
630 304 678 336 Ac
702 303 855 335 tandem:
885 301 1006 334 »Sicut
1019 310 1067 334 est
1082 302 1178 341 fides,

51 379 151 410 quam
176 367 352 399 docuimus
377 378 446 398 esse
470 365 504 398 in
528 365 643 404 nobis,
675 373 707 397 et
738 376 849 396 rursus
882 372 930 395 est
957 363 1057 403 fides,
1094 376 1178 408 quae

48 441 110 472 per
132 429 269 470 gratiam
304 429 421 467 datur,
460 426 546 459 sicut
575 439 674 470 supra
712 425 855 458 diximus
888 424 1050 468 scriptum
1091 438 1177 457 esse:

53 489 222 533 »»Alii²)
255 490 336 522 fides
374 490 407 521 in
439 488 560 520 eodem
589 487 787 531 spiritu:««
827 486 873 519 ita
897 486 997 518 etiam
1028 487 1061 519 iu
1092 500 1179 520 uno-

48 563 183 594 quoque
209 551 342 590 hurum,
368 563 453 594 quae
478 561 576 593 supra
592 548 860 581 enumeravimus
885 561 902 580 a
920 548 996 580 Deo
1021 561 1083 592 per
1107 561 1178 590 gra-

46 611 128 644 tiam
153 611 234 651 dari,
259 612 352 655 est·³)
385 621 417 643 et
454 611 487 643 in
519 610 616 643 nohis
641 609 788 654 aliquid,
817 610 859 642 ad
885 608 978 654 cujus
1001 610 1179 654 unusquis-

47 685 110 716 que
135 685 334 711 mensuram,
362 672 413 704 vel
437 672 613 713 rationem,
638 671 776 713 gratiam
801 680 1046 715 promeretur.«
1086 672 1177 704 Haec

47 746 87 765 eo
112 733 241 766 scilicet
265 743 475 766 commentus
501 743 560 773 est,
585 742 622 766 ut
645 734 890 775 aggressionem
914 733 995 765 boni
1021 733 1133 777 operis
1159 746 1177 766 a

47 795 216 828 voluntate
248 804 362 828 nostra
398 795 636 840 suspenderet,
674 808 863 828 successum
895 807 975 827 vero
1008 804 1040 828 et
1065 796 1176 839 perfe-

45 856 193 889 ctionem
216 870 234 889 a
257 857 345 890 Deo.

132 919 208 951 Jam
233 931 312 951 vero
344 918 526 960 genuinum
552 918 712 960 Origenis
743 931 877 951 sensum
903 918 1038 951 odorari
1062 932 1173 963 prom-

47 988 116 1012 tum
142 989 191 1012 est
213 980 246 1013 in
269 968 394 1020 multis‚⁷
420 981 539 1025 quibus
566 980 750 1022 legitimam
774 980 895 1022 gratiae
920 980 988 1012 vim
1016 980 1102 1013 visus
1128 991 1176 1014 est

45 1042 270 1085 praedicasse:
295 1051 332 1074 ut
349 1055 425 1074 cum
443 1042 519 1075 libr.
536 1043 595 1074 ΙΙΙ.
621 1044 703 1088 περὶ
717 1041 851 1086 ἀρχῶν,
878 1055 950 1086 cap.
970 1043 998 1076 1.
1012 1056 1104 1076 num.
1123 1043 1175 1077 18.

45 1103 173 1147 optime
197 1103 264 1136 dici
287 1104 417 1144 asserit,
450 1103 641 1136 aedificium
671 1116 739 1135 non
765 1103 986 1145 aedificantis,
1019 1106 1079 1137 sed
1110 1105 1175 1137 Dei

45 1176 130 1208 opus
155 1177 242 1207 esse3
267 1174 299 1197 et
322 1165 412 1198 urbis
436 1166 590 1205 tutelam,
613 1177 683 1196 non
709 1165 905 1197 custodibus
928 1175 959 1197 et
975 1165 1094 1208 vigiliis
1113 1166 1175 1198 mi-

44 1225 151 1264 litum,
175 1227 233 1258 sed
259 1227 336 1258 Deo
361 1235 452 1259 recte
476 1226 635 1259 adscribi:
660 1226 706 1258 sic
729 1225 819 1258 enim
835 1239 908 1259 rem
923 1226 1176 1269 intelligendam

44 1300 113 1320 esse
138 1288 220 1327 vult,
247 1288 358 1333 operis
383 1298 615 1332 susceptorem
638 1287 740 1321 fuisse
756 1287 939 1328 hominem,
963 1289 1077 1321 Deum
1101 1302 1177 1333 per—

42 1349 224 1390 fectorem3
255 1362 318 1382 nec
352 1350 508 1382 sufficere
540 1351 748 1382 voluntatem
779 1349 957 1382 humanam
993 1351 1036 1382 ad
1061 1363 1176 1383 conse-

43 1411 213 1455 quendum
246 1411 358 1452 finem,
394 1411 458 1444 nisi
492 1412 586 1444 Deus
619 1412 661 1444 ad
692 1411 727 1444 id
759 1411 960 1456 opituletnr;
1002 1413 1096 1456 quod
1133 1425 1173 1444 eo

40 1472 177 1517 probari
197 1482 309 1517 putat:
337 1474 471 1506 »»Non
484 1473 516 1517 ⁴)
534 1472 690 1512 volentis,
714 1486 823 1517 neque
842 1472 1015 1513 currentis,
1038 1474 1097 1506 sed
1114 1474 1176 1506 mi-

40 1533 177 1566 serentis
203 1543 252 1566 est
274 1533 403 1568 Dei.««
452 1535 489 1566 In
516 1547 617 1579 quem
642 1535 756 1567 Iocum
780 1535 905 1578 repetit
922 1535 1037 1567 eadem
1064 1544 1096 1567 et
1122 1549 1176 1568 ex-

42 1595 148 1627 tendit
171 1594 247 1629 libr.
272 1596 341 1628 Vll.
367 1595 402 1628 in
427 1596 522 1639 epist.
555 1597 596 1628 ad
628 1597 728 1629 Rom.
760 1608 850 1628 num.
878 1595 947 1635 16„
991 1609 1028 1629 ex
1066 1610 1174 1642 eoque

44 1656 265 1689 demonstrari
289 1657 344 1697 ait,
378 1659 495 1702 »quod
527 1657 630 1690 homo
662 1657 799 1702 quidem
825 1657 976 1690 laborem
1001 1659 1175 1703 impendat

43 1726 76 1749 et
98 1717 376 1757 sollicitudinem,
401 1719 496 1751 Deus
521 1728 632 1751 autem
657 1731 846 1750 successum
871 1720 967 1763 operi
992 1721 1116 1753 tribuat
1141 1731 1174 1753 et

43 1778 247 1820 effectum3«
285 1779 432 1825 ideoque
465 1780 576 1825 operis
607 1793 770 1812 summam
807 1780 884 1812 Deo
922 1781 1035 1824 potius
1072 1795 1171 1826 quam

44 1838 170 1872 homini
199 1853 267 1873 esse
301 1842 539 1885 deputandam.
589 1841 776 1874 Confirmat
806 1841 892 1873 illud
924 1843 1021 1876 Pauli
1052 1844 1173 1883 verbis,

45 1900 58 1931 I
85 1899 236 1936 Corinth.
261 1903 322 1942 llI,
347 1902 377 1937 6.
428 1919 444 1934 υ
459 1903 557 1945 »Ego
590 1903 756 1947 plantavi,
788 1902 915 1946 Apollo
946 1903 1081 1945 rigavit,
1114 1906 1172 1937 sed

43 2101 64 2133 d
138 2057 168 2097 Ι)
194 2056 279 2090 Edd.
312 2057 443 2090 Huetii:
477 2071 620 2091 »eorum
653 2058 844 2091 intellectus
876 2072 960 2103 quae
993 2060 1171 2100 credimus,

68 2111 225 2134 onatur.«

133 2159 168 2201 ²)
194 2159 207 2190 Ι
236 2158 417 2203 Con-KH,
441 2159 472 2193 9.

133 2215 167 2258 ³)
192 2214 281 2247 Edd.
306 2214 439 2247 Huetii:
467 2214 555 2248 »erit
580 2225 612 2248 et
636 2215 670 2249 in
694 2216 827 2249 nobis«

137 2271 166 2314 ²)
194 2271 291 2304 Rom.
316 2271 374 2309 lX,
402 2270 451 2304 16.
