1403 2492
171 113 239 148 318
646 112 836 147 Excunsus

170 202 367 247 ἀπάθειαν,
392 205 460 236 sive
485 204 774 249 impatibilitatem
800 213 833 236 et
859 204 1190 249 impeccabilitatem,
1217 219 1315 251 quam

170 268 342 308 pelagiani
367 277 594 306 renovarunt,
618 267 768 305 incidere
794 267 1005 313 Hieronymo
1031 268 1120 301 visus
1145 271 1197 302 sit.
1246 270 1314 303 Sed

169 330 211 362 ab
236 329 414 362 haereticis
440 338 473 361 ct
498 329 712 374 pbilosophis
737 330 837 371 longe
860 326 1047 374 discrepat3
1074 330 1199 364 Cliristi
1225 331 1314 364 enim

169 391 293 433 gratiae
320 390 476 423 attribuit
497 401 569 424 tum
597 392 731 424 lirinum
756 391 855 424 illum
881 391 983 425 animi
1006 403 1142 433 statum,
1167 393 1236 426 sive
1263 406 1316 426 ca-

170 454 316 493 ritatem,
335 466 419 498 quae
438 453 646 486 diffunditur
662 450 693 486 in
719 454 879 487 cordibus
911 455 1035 487 nostris
1060 469 1122 500 per
1147 455 1315 500 Spiritum

169 526 342 555 sanctum,
386 525 459 548 tum
492 515 592 548 etiam
626 516 793 561 quidquid
827 518 999 561 praeclare
1031 503 1159 560 {figimus
1189 518 1224 550 in
1251 518 1315 550 hoe

168 587 256 610 statu
282 576 416 609 firmati.
453 577 548 610 Hanc
560 579 762 610 sententiam
789 579 914 611 diserte
936 579 1094 624 exprimit
1118 579 1219 613 Torn.
1238 580 1315 612 Xll.

168 639 202 671 in
228 639 350 672 Matth.
383 653 475 673 num.
502 639 576 679 25.,
608 640 667 672 ubi
692 640 738 672 sic
765 641 937 685 loquitur:
976 642 1099 674 »Nam«
1137 643 1265 674 »rx-ivo
1282 642 1315 684 ¹)

169 714 243 744 ego,
269 701 335 746 jam
360 714 430 734 non
455 715 572 744 ego,««
603 715 688 735 »vox
714 713 784 736 erat
807 718 842 736 se
867 704 1046 747 ejurantis,
1071 713 1230 750 tanquam
1257 704 1314 749 qui

167 764 344 809 propriam
373 764 475 797 vitam
500 765 676 805 amisisset,
700 765 735 798 in
760 779 795 798 se
820 776 932 799 autem
950 766 1124 799 Christum
1148 766 1314 811 suscepis—

168 836 229 867 set,
254 836 291 858 ut
318 827 389 871 ipse
416 828 448 860 iu
474 840 515 859 eo
543 827 690 867 viveret,
723 823 881 873 tanquam
907 828 1052 874 justitia,
1091 838 1124 861 et
1154 838 1314 873 tanquam

167 889 342 934 sapientia,
369 898 401 921 et
426 897 586 934 tanquam
610 889 846 931 sanctificatio,
871 900 904 923 et
918 900 1076 935 tanquam
1102 904 1165 935 pax
1189 899 1314 930 nostra,

168 961 201 984 et
225 961 385 995 tanquam
412 951 567 996 potentia
585 951 652 984 Dei
673 952 786 985 omnia
802 952 834 985 in
861 966 901 985 eo
925 953 1106 992 efficiens,«
1134 952 1256 988 πάντα
1273 953 1314 987 ἐν

168 1012 266 1058 αὐτῷ
293 1015 456 1058 ἐνεργῶν
478 1015 512 1058 ²)
562 1014 600 1046 ln
635 1013 694 1046 lib.
729 1015 771 1047 de
798 1015 966 1048 Oratione
991 1015 1162 1060 explicans
1187 1013 1313 1059 primas

167 1088 270 1108 voces
307 1075 469 1107 orationis
501 1075 712 1108 dominicae:
757 1078 952 1118 »»Pater³)
976 1086 1160 1109 noster-zu«
1190 1076 1239 1109 sic
1269 1077 1312 1109 de

166 1137 247 1170 filiis
272 1137 468 1182 adoptionis
492 1137 646 1182 loquitur
670 1151 763 1171 num.
788 1138 843 1173 2¹2.
895 1139 1040 1183 »ltaque
1065 1151 1167 1171 omne
1192 1151 1312 1171 eorum

167 1213 255 1244 opus
281 1209 314 1232 et
337 1213 450 1232 sermo
477 1209 510 1232 et
535 1200 695 1241 cogitatio
721 1202 762 1233 ab
787 1200 974 1242 Unigenito
999 1201 1115 1234 Verbo
1139 1200 1204 1246 ipsi
1232 1213 1313 1233 con-

167 1264 325 1302 formata,
349 1259 525 1294 imitantur
549 1263 728 1304 imaginem
762 1262 941 1296 invisibilis
966 1262 1052 1304 Dei,
1088 1272 1121 1295 et
1152 1263 1239 1295 stunt
1269 1263 1312 1294 ad

165 1326 347 1368 imaginem
374 1324 576 1364 Creat01·is‚·‹
607 1335 672 1360 etc.
712 1326 788 1358 Non
807 1324 833 1357 is
859 1337 938 1366 ergo
965 1334 1035 1358 erat
1053 1325 1227 1367 Origenes,
1255 1323 1313 1369 qui

165 1390 338 1433 perfectos
369 1387 518 1432 propiiis
554 1387 680 1419 viribus
710 1396 796 1419 stare
830 1396 863 1419 et
894 1387 927 1419 in
960 1387 1085 1420 virtute
1119 1387 1312 1420 confirmari

164 1460 310 1495 putaret.
357 1450 455 1482 Hanc
481 1462 598 1481 eorum
624 1449 845 1482 stabilitatem
871 1462 908 1482 ex
936 1449 1061 1482 Christi
1085 1449 1189 1492 gratia
1213 1462 1312 1495 repe-

165 1513 224 1545 tit:
260 1512 353 1544 velut
386 1525 461 1543 cum
494 1511 540 1543 ait
572 1511 672 1542 Tom.
700 1511 740 1542 ll.
766 1511 799 1543 in
824 1511 946 1544 Joann.
971 1524 1064 1544 num.
1088 1511 1143 1547 29.
1194 1512 1310 1544 »Jesus

165 1576 198 1607 in
224 1574 337 1619 ipsum
365 1573 577 1618 (Simonem)
605 1572 744 1604 intuitus
771 1581 829 1610 cst,
855 1585 916 1616 per
940 1572 1038 1604 illum
1064 1572 1225 1604 intuitum
1251 1573 1310 1605 de-

166 1638 304 1676 clarans,
329 1649 364 1668 se
391 1634 542 1669 Simonis
571 1621 684 1666 curam
712 1646 844 1674 gerere,
869 1633 1000 1666 animae
1026 1634 1118 1666 illius
1139 1644 1311 1679 praestan·

164 1699 291 1731 tissima
316 1707 411 1743 parte
436 1697 618 1729 illustrata:
643 1694 827 1740 potuitque
852 1695 989 1735 Simon,
1026 1708 1067 1728 eo
1094 1697 1187 1740 quod
1212 1697 1310 1729 Jcsus

165 1764 197 1796 in
222 1761 335 1806 ipsum
360 1759 501 1793 intuitus
527 1768 586 1801 cst,
612 1771 653 1790 eo
679 1752 789 1801 usque*
809 1757 964 1797 stabiliri,
988 1767 1026 1790 ut
1047 1758 1089 1790 ab
1115 1771 1220 1802 opere
1246 1768 1310 1791 sta-

165 1824 227 1857 bili
259 1824 428 1868 sirmoque
461 1834 651 1863 cognomen
683 1821 848 1859 traheret,
886 1829 919 1852 et
950 1829 1130 1853 vocaretur
1154 1821 1307 1854 Petrus.«

165 1888 203 1919 ln
229 1887 372 1918 eandem
394 1883 594 1917 seutentiam
621 1882 727 1926 accipi
756 1882 875 1921 debet,
901 1882 994 1926 quod
1019 1882 1065 1915 ait
1089 1883 1189 1917 Tom.
1215 1884 1307 1916 XVI.

164 1948 197 1981 in
223 1948 343 1982 Manli.
368 1960 460 1979 num.
485 1946 516 1980 8.
568 1943 795 1988 »Quicunque
829 1953 877 1975 est
912 1957 989 1976 cum
1022 1945 1123 1984 Jesu,
1155 1958 1173 1978 a
1198 1954 1309 1978 morte

163 2010 276 2043 invadi
301 2022 369 2042 nou
396 2021 527 2052 possem
580 2005 815 2048 Quamobrem
843 2006 963 2038 frustra
980 2006 1145 2039 existimat
1164 2007 1309 2040 Huctius

164 2072 413 2105 excusationem
437 2082 507 2103 uon
539 2068 681 2105 mei-vri,
711 2069 803 2112 quod
835 2068 878 2100 ait
912 2067 1078 2111 Origenes
1101 2069 1202 2103 Tom.
1227 2070 1306 2103 ΧΙΙ.

260 2202 291 2245 ¹)
318 2200 396 2232 Gal.
423 2200 467 2238 ll,
491 2199 545 2231 20.

256 2258 290 2301 ²)
318 2256 387 2289 Ch:
415 2255 467 2287 ed.
494 2264 597 2286 nostr.
626 2254 726 2285 Tom.
755 2253 811 2285 lll.
839 2266 911 2297 pag.
942 2252 1015 2287 172.

257 2315 291 2356 3)
322 2311 441 2344 Mattlt.
468 2311 525 2349 Vl,
551 2310 581 2343 9.

266 2410 280 2418 0
