1403 2492
376 79 686 114 ommfflonum
710 78 824 112 Lmen.
837 77 878 111 11.
1118 76 1178 112 191

51 182 125 204 mea
150 169 183 203 iu
214 168 367 215 requiem
403 179 559 202 tuarum«
599 168 640 201 ad
676 166 826 213 requiem
862 165 956 199 illam
996 165 1178 198 coelestem

49 231 217 273 retulerit,
241 244 340 277 quam
365 231 411 264 ob
435 229 604 276 praeclara
627 228 662 262 in
687 228 755 262 vita
778 229 838 262 liae
863 236 952 270 gesta
973 227 1081 260 anima
1099 239 1179 259 con-

50 293 222 340 sequitur;
247 302 356 327 toturn
382 291 507 338 quippe
531 291 619 323 hunc
642 290 814 324 Psalmum
847 289 971 322 eodem
1000 289 1103 322 refert
1127 301 1180 321 ec-

54 355 164 390 clesia.
213 355 414 398 Augustinus
445 353 480 387 in
510 353 598 386 libro
631 353 673 386 de
705 351 913 385 haeresibus:
946 350 1182 391 »Paradisum,

52 428 86 452 ct
111 418 237 461 coelos,
261 426 295 451 et
319 416 383 457 alia
405 429 475 450 non
491 415 632 449 credunt
655 413 886 459 (Origeniani)
911 426 980 447 esse
998 413 1182 447 secundum

52 481 195 523 literam,
218 481 278 514 sed
302 480 336 513 in
361 479 551 521 allegoria.«
599 477 758 522 Denique
788 476 937 509 Michael
968 476 1091 523 Glycas
1114 478 1183 510 An-

51 543 116 576 nal.
139 552 225 588 part.
250 543 281 578 1-
307 551 340 575 et
365 541 397 576 4.
424 550 519 575 vexat
542 539 724 582 Origenem
748 538 813 571 hoc
833 539 984 581 nomine,
1009 538 1181 583 ipsiusque

51 606 248 638 sententiam
265 618 281 638 a
294 605 426 638 Joaune
443 603 683 650 Chrysostomo
699 601 909 647 profligatam
925 610 1180 634 commemorat.

139 667 215 701 XV.
262 669 420 700 Attamen
445 675 561 699 contra
583 674 637 698 tot
661 664 928 698 adversariorum
947 665 1087 697 assultus
1104 663 1182 697 Ori-

53 729 128 773 geni
164 729 334 774 praesidio
373 738 422 762 est
453 728 534 761 haec
569 727 674 772 ipsius
713 726 894 760 obtestatio
933 726 1009 760 libr.
1034 727 1061 760 I.
1098 728 1183 772 περὶ

51 791 183 839 ἀρχῶν,
207 805 278 837 cap.
303 790 336 826 6.
359 804 451 825 num.
476 791 525 831 1.,
557 803 621 836 qua
651 789 780 823 animos
815 789 981 821 lectorum
1017 789 1058 821 ad
1082 801 1181 833 supra

52 853 203 899 exposita
226 854 382 896 dogmata
404 853 452 886 ita
474 852 681 898 praemunit:
727 851 850 895 »Quae
876 850 1014 895 quidem
1039 863 1058 882 a
1083 850 1180 883 uobis

52 915 151 948 etiam
177 928 255 948 cum
278 927 397 958 magno
421 924 514 948 metu
539 924 572 947 et
600 914 728 948 cautela
753 913 929 953 dicuntur,
970 912 1180 945 discutienti-

51 977 111 1010 bus
136 977 238 1019 magis
263 986 297 1010 et
320 976 617 1021 pertractantibus,
648 989 746 1022 quam
771 988 834 1020 pro
860 984 952 1008 certo
979 989 1016 1008 ac
1040 976 1180 1009 definito

51 1039 282 1072 statuentibus.
330 1039 518 1072 ludicatum
542 1052 687 1083 namque
718 1051 736 1071 a
765 1037 864 1070 nobis
894 1037 928 1070 in
952 1037 1180 1083 superioribus

52 1111 110 1141 est,
136 1113 219 1146 quae
237 1101 267 1146 ¹)
293 1100 369 1140 sint,
394 1102 435 1134 de
460 1101 579 1146 quibus
603 1100 781 1134 manifesto
815 1100 972 1142 dogmate
1002 1100 1182 1133 terminan-

51 1164 132 1196 dum
155 1162 208 1202 sit,
233 1162 325 1206 quod
350 1172 383 1194 et
408 1175 469 1206 pro
495 1163 620 1195 viribus
644 1175 705 1195 nos
730 1162 846 1194 secisse
870 1171 966 1206 pum,
992 1162 1113 1204 cum²)
1140 1163 1182 1194 de

51 1224 215 1258 Trinitate
240 1225 466 1269 loqueremur.
503 1225 600 1257 Nunc
624 1234 735 1257 autem
761 1224 953 1268 disputandi
977 1224 1088 1269 specie
1115 1237 1184 1257 ma-

51 1286 109 1328 gis,
135 1298 233 1331 quam
258 1286 459 1326 definiendi,
491 1296 593 1331 prout
625 1299 820 1332 possumus,
853 1299 1078 1319 exercemur.«
1127 1287 1180 1319 Ad

51 1349 132 1381 haec
157 1348 246 1381 libro
270 1349 434 1393 sequenti,
461 1361 530 1393 cap.
557 1348 588 1383 3.
618 1362 708 1382 num.
734 1349 785 1389 6.‚
817 1349 897 1393 quid
929 1358 985 1381 aut
1010 1362 1078 1393 quo
1104 1349 1181 1381 loco

50 1410 93 1443 sit
116 1411 177 1443 iste
201 1411 363 1450 mundus,
403 1423 420 1442 e
452 1423 519 1454 quo
554 1410 681 1443 venisse
710 1423 744 1443 se
777 1411 982 1453 significabat
1013 1411 1183 1449 Servator,

51 1486 127 1505 cum
153 1473 302 1506 dicebat:
329 1486 367 1504 »u
378 1472 449 1514 Ego
463 1472 496 1516 ³)
528 1485 595 1504 non
628 1486 701 1505 sum
727 1473 768 1505 de
791 1473 857 1506 hoc
882 1473 1078 1506 mundo:««
1114 1485 1182 1505 nou

51 1536 128 1569 satis
153 1544 343 1568 constanter
374 1533 543 1578 prodidit:
579 1534 667 1567 »Sed
698 1545 810 1567 utrum
842 1536 986 1568 mundus
1019 1535 1100 1574 iste,
1132 1535 1183 1567 in-

52 1598 140 1643 quit,
171 1611 270 1643 quem
297 1596 411 1630 sentiri
437 1597 526 1635 vult.
556 1606 725 1641 separatus
750 1598 791 1630 ab
825 1597 890 1630 hoc
923 1597 982 1637 sit,
1016 1598 1182 1641 longeque

52 1659 188 1700 divisus,
214 1659 268 1692 vel
291 1660 381 1699 loco,
407 1659 461 1690 vel
487 1658 665 1703 qualitate,
690 1659 741 1691 vel
767 1660 890 1702 gloria3
915 1673 953 1692 an
978 1660 1086 1702 gloria
1111 1660 1184 1704 qui-

51 1721 188 1766 dem,⁴)
212 1730 244 1754 et
271 1720 430 1765 qualitate
455 1720 656 1764 praecellat,
685 1721 770 1754 intra
800 1731 912 1755 tamen
946 1722 1064 1754 mundi
1088 1721 1183 1767 hujus

52 1782 396 1828 circumscriptionem
422 1782 636 1822 cohibeatur,
661 1783 754 1827 quod
779 1793 810 1815 et
837 1783 919 1815 mihi
943 1784 1045 1825 magis
1071 1783 1185 1816 verisi-

52 1845 133 1878 mile
159 1845 300 1884 videtur‚
326 1844 490 1876 incertum
515 1853 626 1876 tamen
653 1853 711 1886 est,
738 1854 773 1877 ut
799 1858 858 1887 ego
883 1844 1040 1887 arbitror,
1067 1854 1100 1876 et
1123 1845 1183 1876 hu-

50 1907 158 1940 manis
182 1907 287 1940 adhuc
312 1906 570 1949 cogitationibus
603 1916 635 1939 et
665 1907 834 1940 mentibus
860 1906 1097 1940 inusitatum:«
1126 1907 1183 1939 de-

149 2064 180 2108 ¹)
205 2063 337 2096 Desunt
362 2064 394 2097 in
419 2065 493 2099 edd.
519 2065 620 2098 Huet.
646 2065 764 2097 verba:
792 2078 875 2110 quae
900 2064 974 2099 sint.

145 2121 179 2164 ²)
204 2119 291 2153 Edd.
318 2119 452 2153 Huetii:
478 2134 554 2153 cum
579 2120 800 2154 determinate
826 2122 1054 2167 loqueremur.

145 2176 179 2220 ³)
205 2175 274 2209 Cfr.
302 2189 352 2210 ev.
378 2176 498 2210 Joann.
523 2176 632 2217 XVII,
658 2177 710 2212 16.

53 2274 62 2284 ι
146 2231 179 2276 ⁴)
205 2230 290 2264 Edd.
324 2231 454 2265 Huetii:
492 2232 645 2277 quidem,
685 2233 760 2278 quia
793 2234 954 2279 qualitate
991 2236 1183 2281 praecellat,

53 2284 140 2309 mter
163 2285 274 2308 tamon
300 2286 362 2310 etc.
