1403 2492
163 89 230 124 302
495 88 610 122 Ρετιιῐ
634 87 807 121 Dimittis
831 87 964 121 Humi!

162 192 340 226 ronymus,
377 188 520 224 propter
548 178 747 223 inscriptum
779 177 936 220 Origenis
972 176 1161 222 Apologiae
1196 177 1296 210 Pam-

161 241 248 285 phili
271 254 410 275 nomen.
457 242 570 274 XVII.
596 241 634 274 In
659 241 776 273 multis
800 251 957 285 peccasse
982 240 1164 282 origenem
1189 240 1295 272 saten-

162 303 242 335 «lum
275 312 335 335 est.
388 302 514 336 lell.
542 302 621 346 Quo
655 315 796 334 numero
835 302 914 334 libri
955 302 1110 345 Origehis
1149 300 1295 334 habendi

161 364 237 405 sint,
261 364 467 409 disputatur:
495 364 589 398 XIX.
615 364 658 396 Et
682 374 794 396 utrum
828 364 915 397 inter
938 364 1135 398 Ham-eticos
1165 376 1296 409 ponen-

608 427 669 458 dus
701 425 772 471 ipse
797 427 847 459 sit.

1037 493 1054 501 x

253 517 279 549 Ι.
329 516 434 560 Quod
460 517 502 549 de
527 514 674 558 Origene
701 516 924 562 origenisque
956 517 1121 559 dogmatis
1152 516 1294 562 jactaba-

160 586 215 610 tur
239 577 342 610 olim:
368 577 434 610 Ubi
459 580 564 618 bene,
594 592 695 611 nemo
721 579 861 620 melius;
893 578 951 611 ubi
976 579 1081 619 male,
1110 593 1211 612 nemo
1236 591 1294 624 pe-

160 639 227 685 jus:
254 639 344 672 idern
368 641 623 686 propemodum
655 654 744 674 nunc
777 642 817 674 de
851 654 911 682 eo,
938 641 1045 686 iisque
1077 641 1199 674 merito
1225 640 1294 673 dici

158 711 284 746 potest,
309 701 366 747 qui
392 702 433 734 de
459 702 562 747 ipsius
581 703 736 735 doctriua
750 703 947 736 sententiam
966 704 1089 736 tulere:
1115 703 1183 736 Ubi
1208 705 1293 736 bene

159 763 335 808 accipitur,
358 764 529 797 neminem
553 764 662 809 accipi
686 765 818 804 melius,
842 765 1012 797 neminem
1031 764 1215 811 majoribus
1240 778 1294 797 ex-

158 826 238 858 tolli
261 825 462 871 praeconiis,
485 826 631 859 neminis
652 816 849 859 doctrinam'
874 827 1059 860 acrioribus
1089 826 1209 860 studiis
1235 827 1292 859 de-

158 888 271 929 sendi3
311 887 370 920 ubi
402 887 508 928 male,
546 887 675 920 duriori
705 889 889 921 neminem*
908 899 940 922 et
964 889 1127 934 asperiori
1154 902 1291 922 censura

159 950 326 984 defi-icari.
375 950 471 983 Adeo
500 959 647 982 extrema
674 950 806 990 omnia,
836 964 906 983 non
937 951 972 984 in
998 951 1064 984 vita
1086 952 1208 991 solum,
1232 953 1291 984 sed

157 1022 238 1057 post
260 1021 406 1044 mortem
432 1012 531 1044 etiam
559 1012 608 1044 vir
632 1011 691 1044 isse
716 1021 872 1056 expertus
904 1022 972 1053 est;
1003 1013 1117 1045 nescio
1144 1027 1206 1058 qua
1233 1013 1290 1046 sati

156 1083 296 1116 urgente
321 1072 515 1118 pertinacia,
541 1084 573 1105 et
586 1086 775 1118 perpaucos
794 1073 1032 1106 Adamantium
1050 1074 1148 1114 inter,
1172 1075 1291 1120 ipsius-

159 1150 225 1182 que
249 1135 458 1169 adversarios
482 1134 610 1166 medias
633 1134 753 1167 sectari
778 1144 888 1179 partes
907 1134 1064 1179 patiente.
1107 1136 1203 1168 Alios
1218 1136 1292 1182 qui-

158 1200 236 1232 dem
262 1208 329 1231 tam
357 1197 472 1242 inique
498 1210 573 1238 erga
597 1196 707 1241 ipsum
733 1197 896 1229 animatos
922 1196 1054 1240 videas,
1079 1207 1118 1230 ut
1141 1197 1175 1230 in
1199 1199 1292 1231 nesa-

155 1262 287 1294 riorum
325 1273 362 1292 ac
401 1259 641 1305 pestiferorum
673 1258 933 1291 Ham-eticorum
969 1272 1069 1291 censu
1107 1259 1290 1302 Origenem

155 1332 296 1369 ponant,
320 1331 354 1354 et
376 1330 535 1366 tanquam
562 1321 604 1353 de
630 1319 792 1353 ecclesiae
816 1319 989 1364 propudio
1020 1334 1057 1353 ac
1083 1321 1210 1362 vibice,
1241 1322 1290 1355 sic

156 1386 199 1418 de
225 1398 265 1417 eo
290 1384 506 1417 statuendum
532 1395 601 1414 esse
636 1382 755 1414 velint:
787 1382 845 1414 alii
876 1392 990 1415 contra
1023 1392 1089 1415 tam
1123 1396 1223 1416 caeco
1257 1394 1289 1417 et

155 1446 277 1479 effreni
301 1445 414 1478 studio
439 1444 472 1476 in
499 1456 575 1476 eum
600 1444 772 1482 feruntur,
808 1453 844 1476 ut
876 1444 989 1477 omnia
1014 1444 1117 1489 ipsius
1141 1447 1226 1478 facta
1251 1459 1289 1478 ac

155 1509 245 1541 dicta
269 1507 355 1540 tueri
381 1506 487 1551 parati
511 1505 596 1545 sint,
629 1517 691 1537 nec
717 1505 815 1536 aliter
841 1506 998 1548 dogmata
1022 1505 1102 1552 ejus,
1128 1521 1227 1552 quam
1251 1517 1288 1540 ut

153 1574 278 1617 κυρίας
302 1567 410 1609 δόξας
432 1567 689 1612 amplectantur.

547 1617 687 1673 Unus‘¹)
713 1629 847 1674 utrique
859 1628 894 1673 2)

390 1692 516 1732 Erret-3
542 1691 601 1723 sed
627 1690 724 1724 variis
749 1691 864 1724 illudit
887 1690 1048 1736 partibus.

154 1756 322 1802 Equidem
349 1764 495 1787 extrema
520 1753 602 1799 haec
627 1752 732 1794 inter,
763 1747 915 1785 medium
947 1753 1119 1796 quoddam
1150 1753 1215 1786 iter
1239 1764 1288 1787 te-

154 1820 303 1852 nendum
328 1827 431 1862 puto,
461 1815 488 1848 si
513 1815 587 1860 quis
611 1827 736 1860 aequus
762 1827 849 1854 esse,
879 1826 942 1846 nec
974 1826 1044 1846 sese
1068 1814 1141 1860 ipse
1165 1816 1286 1849 fallere

155 1881 247 1914 velit.
294 1869 484 1912 Fatendum
512 1887 559 1910 est
583 1889 682 1921 saepe
708 1888 862 1922 peccasse
889 1875 1089 1917 Origenem,
1115 1886 1147 1909 ct
1171 1877 1204 1910 in
1229 1878 1286 1912 da-

149 1954 290 1977 mnosos
327 1954 458 1974 errores
496 1939 669 1979 incidisse;
705 1938 739 1970 iu
775 1937 889 1970 multis
922 1938 1008 1970 falso
1041 1947 1074 1971 et
1114 1938 1286 1972 immerito

153 2005 253 2038 fuisse
277 2012 487 2042 accusatum,
519 2001 544 2034 si
572 2001 645 2046 quis
669 2009 784 2042 neget,
815 1999 985 2044 profligati
1019 2000 1116 2033 illum
1143 2002 1285 2046 pudoris

154 2080 235 2107 esse,
260 2076 291 2098 ct
317 2078 414 2109 supra
443 2064 507 2111 jam
534 2063 769 2108 probavimuS,
806 2071 838 2094 et
863 2061 1021 2107 deinceps
1046 2062 1146 2095 etiam
1172 2073 1284 2097 osten-

246 2227 278 2270 ¹)
305 2226 374 2258 Csr.
394 2225 514 2258 Horat.
535 2226 678 2271 Saty-rar.
701 2225 756 2259 lib.
777 2225 818 2259 Π.
833 2225 940 2272 8Μ)ἰ·.
958 2224 988 2259 3.
1012 2237 1095 2258 vers.
1109 2224 1162 2260 50.
1178 2236 1209 2259 et
1225 2226 1278 2261 51.

242 2282 275 2326 2)
301 2281 386 2314 [aa.
412 2281 544 2314 Huetii:
571 2282 729 2326 utrisque.

293 2413 306 2421 ο
