1403 2492
359 84 672 119 Omonmmonum
698 81 810 114 Lmen
835 79 880 113 Π.
1113 77 1182 113 255

47 172 385 218 interpretationibus
410 173 560 205 haereses
583 171 758 216 profectae
789 178 883 209 sunt,
912 166 1098 213 plurimum
1118 167 1183 199 rei-

35 235 205 280 'publicae
232 235 438 268 Christianae
463 233 612 274 interest,
637 233 747 265 salvos
772 244 890 264 eorum
915 238 1089 274 sartosque
1114 241 1183 262 ser-

48 310 125 329 vare
149 309 274 336 sensus,
300 305 332 329 et
355 295 497 328 nimium
521 295 555 327 in
581 307 618 327 ea
643 293 840 338 explicanda
865 292 999 334 ingenio
1019 304 1080 323 suo
1105 304 1183 335 per-

47 358 254 390 mittentium
281 357 455 389 hominum
475 345 696 402 quorundam=
706 353 877 387 licentiam
893 358 1058 385 coercere.
1097 352 1183 385 Pro-

47 419 198 464 positum
231 419 265 451 id
297 417 489 450 unicesuit
521 417 660 449 vetustis
685 416 846 448 ecclesiae
871 414 1049 454 Pau-ibus,
1080 423 1117 446 ut
1142 427 1181 446 ex

47 480 219 525 perpetuis
243 480 384 512 illorum
411 480 568 512 adversus
592 478 786 523 Scriptus-ae
819 486 1038 521 corruptores
1065 476 1182 508 velita-

48 542 196 575 tionibus
221 541 456 583 intelligimus3
487 541 572 573 adeo
597 549 635 572 ut
660 539 841 581 Origenes,
874 538 967 583 quod
1000 537 1033 570 in
1059 537 1183 570 divinis

47 603 285 636 voluminibus
316 602 553 642 edisserendis,
590 601 807 645 pessumdato
848 613 1089 643 nonnunquam
1127 599 1182 631 vel

47 665 201 706 neglecto
227 663 389 696 historico
415 675 524 702 sensu,
550 661 742 704 allegoricis
768 661 1036 706 expositionibus
1052 659 1100 692 rei
1126 674 1183 692 ve—

47 726 179 758 ritatem
206 725 409 763 oblimasset,
435 723 624 755 multorum
650 722 917 755 insimulationes
931 721 1026 754 vivus
1052 721 1183 754 videns-

48 800 112 831 que
136 796 291 831 expertus
314 785 368 825 sit,
391 793 431 817 ut
453 784 525 829 ipse
551 784 704 830 queritur
727 783 856 817 llomil.
876 784 973 816 Xlll.
1000 783 1033 815 in
1060 783 1183 817 Genes-

46 861 138 880 num.
164 847 198 883 3.
225 847 284 881 »Si
309 860 388 889 ergo
414 846 574 891 incipiam
598 855 632 878 et
656 858 730 888 egO,
754 845 883 890 inquit,
907 846 1068 877 Veterum
1092 845 1182 878 dicta

46 908 232 949 discutere,
257 917 291 941 et
314 920 446 941 sensum
471 908 505 940 in
531 907 570 940 iis
595 919 755 952 quaerere
779 907 1007 952 spiritualem;
1030 906 1058 939 si
1082 920 1183 939 cona-

46 979 98 1002 tus
122 971 218 1002 luero
245 970 398 1002 velamen
423 968 520 1011 Legis
544 981 714 1009 amovere,
739 977 772 1001 et
797 969 974 1001 ostendere
999 969 1182 1010 allegorica

46 1032 163 1075 csse¹)
187 1044 272 1076 quae
295 1030 419 1075 scripta
443 1039 531 1071 sunt,
563 1030 661 1062 fodio
693 1029 832 1074 quidem
864 1039 1004 1074 puteos;
1035 1031 1094 1062 sed
1117 1039 1183 1063 sta-

46 1093 108 1125 tim
139 1092 223 1124 mihi
251 1093 438 1125 movebunt
469 1091 649 1124 calumnias
678 1090 778 1123 amici
810 1091 944 1131 literae,
985 1100 1018 1123 et
1046 1091 1182 1125 insidia-

45 1154 174 1188 buntur
196 1152 291 1192 mihi,
315 1152 506 1185 iuimicitias
531 1152 713 1192 continuo,
745 1160 778 1184 et
809 1152 1062 1196 persecutiones
1086 1166 1183 1197 para-

47 1215 142 1254 bunt,
178 1214 351 1246 veritatem
382 1223 540 1256 negantes
571 1223 657 1247 stare
689 1227 789 1258 posse
812 1213 876 1246 nisi
899 1227 1001 1258 super
1023 1224 1179 1248 terram.«‹

46 1276 91 1308 Et
115 1276 275 1320 quoniam
299 1275 428 1320 perlate
453 1285 546 1320 patet
569 1276 631 1308 iste
657 1289 768 1316 error,
801 1276 1058 1321 multorumque
1088 1290 1182 1310 erro-

47 1352 122 1370 rum
147 1337 253 1370 veluti
277 1350 370 1379 seges
395 1346 461 1379 est,
484 1337 612 1370 idcirco
647 1350 665 1370 e
700 1350 825 1369 novem
849 1337 1138 1371 criminationibus
1163 1352 1181 1371 a

47 1398 227 1444 Pamphilo
252 1398 288 1431 in
311 1398 483 1443 Apologia
500 1399 673 1448 collectis,
699 1408 815 1443 quarta
840 1408 873 1431 et
896 1408 987 1432 sexta
1012 1412 1053 1432 eo
1077 1401 1182 1444 perti-

46 1474 126 1493 nere
150 1460 375 1504 reperiuntur.
423 1460 633 1506 Theolhilus
659 1473 795 1505 quoque
820 1461 969 1494 Paschal.
994 1462 1022 1496 1.
1062 1462 1180 1505 »Quae

47 1523 136 1556 enim
161 1522 258 1555 illum
283 1521 381 1563 ratio,
405 1521 527 1567 inquit,
552 1522 625 1567 quis
652 1522 919 1566 disputationum
945 1524 1030 1555 ordo
1056 1525 1181 1568 perdu-

45 1583 102 1624 xit,
125 1592 164 1616 ut
187 1583 368 1626 allegoriae
400 1584 529 1617 umbris
560 1593 593 1617 et
626 1584 722 1617 cassis
753 1584 954 1626 imaginibus
986 1585 1179 1630 Scriptura-

44 1659 121 1678 rum
148 1645 286 1678 tolleret
309 1645 535 1678 veritatem?t‹
572 1645 777 1678 »Veritatem
807 1645 984 1687 historiae,
1021 1647 1066 1679 ait
1097 1648 1180 1693 Epi-

45 1707 186 1752 phanius
211 1706 308 1750 epist.
342 1707 384 1739 ad
414 1708 535 1740 Joann.
562 1707 695 1740 Hieros.
728 1720 799 1750 cap.
824 1707 856 1740 2.
890 1708 1090 1749 »allegoriae
1122 1709 1181 1741 de-

43 1781 185 1814 pravans
218 1768 395 1801 mendacio
430 1768 559 1801 infinita
590 1769 691 1800 verba
722 1768 973 1812 multiplicat:«
1009 1771 1102 1813 quod
1134 1770 1181 1802 ei-

45 1831 124 1864 dem
148 1830 267 1876 objicit
291 1829 391 1863 Haer.
408 1829 462 1864 64.
487 1843 559 1874 cap.
581 1830 624 1868 4,,
648 1829 830 1874 adjicitque
855 1830 896 1862 ad
922 1831 1079 1864 salsarum
1105 1831 1180 1876 opi-

44 1892 186 1925 nionum
211 1891 418 1936 praesidium
442 1891 636 1924 testimonia
669 1891 903 1936 Scriptoribus
933 1892 1033 1925 sacris
1058 1906 1180 1938 perpe-

45 1967 116 1986 ram
139 1953 255 1987 afficta
278 1954 319 1985 ab
345 1967 385 1985 eo
410 1954 537 1986 afferri.
585 1953 714 1985 Eadem
740 1954 781 1985 de
810 1966 922 1986 caussa
947 1954 1035 1987 hunc
1062 1956 1179 2000 culpat

45 2016 273 2061 Hieronymus
309 2014 342 2047 in
384 2015 478 2059 epist.
504 2015 556 2050 61.
590 2016 632 2048 ad
662 2015 854 2047 Pammach.
886 2029 957 2060 cap.
982 2016 1013 2050 3.
1070 2018 1115 2048 At
1144 2017 1178 2049 in

46 2090 118 2121 cap.
143 2076 194 2110 10.
231 2075 399 2114 Danielis,
431 2076 560 2108 nomini
594 2077 748 2118 Origenis
773 2077 944 2122 pepercit,
976 2091 1047 2109 rem
1070 2077 1177 2122 ipsam

46 2138 208 2180 coarguit.
257 2137 451 2179 Coarguunt
488 2147 521 2170 et
549 2137 694 2171 Basilius
728 2138 829 2171 Hom.
855 2139 914 2171 IX.
950 2138 982 2171 in
1007 2139 1177 2179 chafim„

141 2266 172 2309 ¹)
198 2265 301 2298 Deest
329 2278 438 2298 »esse«
466 2265 497 2297 in
526 2266 601 2298 edd.
628 2265 668 2299 Π.
