1403 2492
165 88 234 125 338
647 87 836 124 Excnnsus

170 193 276 221 cesso,
301 181 477 225 multaque
503 179 628 212 virtute
652 179 742 219 data,
766 179 849 212 fides
875 180 979 211 verbo
1006 189 1039 212 et
1063 189 1232 224 potestate
1247 180 1314 213 Dei

168 243 300 275 firmata
331 242 366 274 in
398 241 585 275 lectoribus
616 242 840 274 innascatur.·‹
897 242 954 275 Sic
987 241 1089 274 etiam
1121 242 1157 275 in
1188 242 1247 275 lib.
1273 243 1315 275 de

169 304 337 338 Oratione
361 317 455 336 num.
468 303 501 338 2.
529 304 664 344 fatetur,
691 303 754 335 sibi
780 317 866 348 opus
893 318 963 337 csse
992 313 1046 336 »et
1062 304 1162 337 Patre
1186 304 1316 337 illumi-

165 376 277 406 nante,
303 376 336 399 et
359 367 475 399 Verbo
502 367 660 405 docente,
689 375 722 398 et
747 366 878 410 Spiritu
902 377 1018 399 sancto
1035 376 1254 412 cooperante,
1278 375 1315 400 ut

168 442 205 462 ea
230 428 401 471 intelligat
426 439 459 462 et
484 429 582 468 dicat,
609 441 694 473 quae
719 437 813 460 tanto
841 439 1041 471 argumento
1068 429 1167 471 digna
1192 429 1290 463 sium

260 491 313 523 lV.
362 491 440 523 Non
468 491 578 524 minus
603 490 825 523 necessariam
860 490 1211 524 existimat'divinam
1244 504 1316 534 gra·

167 554 248 586 tiam
275 554 317 586 ad
344 554 546 586 tentationes
571 554 789 598 superandas,
816 553 990 598 implenda
1005 554 1171 594 mandata,
1198 567 1315 586 corru-

165 626 244 661 ptos
269 628 383 648 mores
408 617 651 650 emendandos.
700 616 754 648 De
781 615 905 648 Christi
931 616 971 648 ad
997 615 1125 649 inferos
1150 617 1313 649 descensu

165 678 212 711 ait
235 677 366 711 Homil.
391 679 435 711 II.
461 678 495 711 in
521 679 579 711 lib.
606 679 631 711 l.
656 679 805 720 Regum:
833 677 949 721 »Quid
973 679 1112 712 absurdi
1136 687 1195 718 est,
1220 677 1315 723 prin—

166 741 276 786 cipem
301 740 516 774 medicorum
542 741 584 772 ad
609 749 820 782 aegrotantes
847 740 1078 777 descendere?
1112 740 1171 773 Illi
1187 740 1314 773 medici

165 803 304 848 quidem
332 811 436 842 erant,
462 811 496 835 et
519 815 598 835 sane
623 802 744 843 multi3
769 811 802 835 at
822 802 993 836 Dominus
1020 815 1115 835 meus
1141 812 1175 836 et
1197 803 1315 836 Salva-

164 874 221 897 tor
245 865 404 909 princeps
437 878 557 897 eorum
591 873 650 897 est.
708 864 846 898 Etenim
879 863 1045 910 internam
1079 865 1314 909 cupiditatem,

165 940 252 972 quae
276 940 346 960 non
371 936 486 971 potest
511 927 552 959 ab
574 925 648 959 aliis
674 927 802 967 curari,
837 935 931 959 curat
956 926 1049 971 ipse:
1085 927 1179 972 quod
1212 939 1229 960 a
1254 940 1314 960 ne-

163 988 256 1023 mine
291 989 406 1034 potuit
429 988 644 1021 medicorum
670 988 798 1028 sanari,
830 997 966 1021 sanatur
989 1001 1007 1021 a
1035 988 1170 1022 Clu-isto
1197 989 1311 1023 Jesu.«

162 1051 324 1084 Declarat
354 1050 486 1084 Homil.
517 1051 543 1083 l,
573 1051 608 1083 in
637 1051 764 1084 Jerem.
795 1063 889 1083 num.
908 1050 979 1091 16.,
1010 1051 1132 1083 frustra
1157 1050 1313 1084 homines

164 1112 338 1146 adhortari
363 1121 397 1144 et
419 1113 635 1157 praedicare,
674 1112 737 1144 nisi
762 1113 858 1145 Deus
889 1111 979 1144 intus
1009 1122 1156 1146 moveat.
1203 1114 1312 1147 »Ser-

165 1189 317 1215 mones,«
345 1174 475 1220 inquit,
502 1174 697 1207 »eradicant
720 1174 895 1215 nationes,
920 1187 1094 1208 sermones
1118 1187 1219 1217 regna
1242 1176 1312 1208 sus-

162 1238 301 1272 fodiunt
323 1237 433 1275 earnis
458 1246 491 1269 et
515 1237 661 1277 saeculi3
693 1237 750 1269 sed
777 1237 846 1276 his,
888 1250 972 1281 quae
999 1237 1178 1277 dicuntur,
1206 1237 1312 1270 virtus

163 1314 233 1333 non
258 1300 363 1339 adest,
387 1298 450 1332 nisi
475 1299 570 1331 Deus
597 1299 740 1339 dederit,
765 1300 953 1332 secundum
979 1299 1115 1332 wudz«
1146 1299 1312 1332 »»Domi-

163 1375 226 1394 nus
243 1362 273 1406 ¹)
301 1361 395 1393 dabit
418 1362 562 1394 verbum
589 1361 896 1404 evangelizantibus
920 1361 1044 1394 virtute
1069 1361 1232 1395 multa.««
1265 1362 1311 1395 Et

163 1422 295 1456 Homil.
308 1423 349 1455 V.
374 1436 467 1455 num.
486 1422 518 1457 6.
556 1422 728 1466 »Quando
747 1424 837 1456 enim
854 1424 1013 1457 Salvator
1024 1423 1113 1457 aitz«
1144 1424 1259 1466 ›mEgo
1275 1425 1310 1469 ²)

162 1498 236 1518 sum
262 1493 379 1528 pastor
401 1485 580 1517 bonusm«
617 1497 713 1517 »non
745 1494 895 1526 tantum,
937 1495 975 1518 ut
1000 1486 1121 1526 ceteri,
1153 1486 1310 1519 universe

162 1547 291 1580 dietum
317 1546 485 1588 intelligo,
511 1558 589 1579 eum
614 1559 738 1591 nempe
771 1559 840 1580 esse
872 1556 1045 1591 pastorem
1077 1537 1309 1589 credentium3

162 1629 206 1636 —
231 1617 266 1640 et
289 1607 355 1640 hoe
380 1607 470 1640 enim
494 1621 612 1641 sanum
638 1618 688 1641 est
712 1617 746 1640 et
770 1621 887 1641 verum
907 1623 966 1651 —-;
998 1609 1057 1642 sed
1083 1618 1116 1642 et
1139 1609 1175 1642 in
1199 1609 1308 1644 anima

161 1683 237 1703 mea
262 1670 372 1702 debeo
399 1669 573 1703 Christum
597 1670 688 1702 intus
714 1670 856 1711 habere,
887 1671 1018 1703 bonum
1040 1681 1225 1716 pastorem,
1249 1673 1307 1717 qui

161 1733 197 1765 in
229 1745 284 1765 me
315 1740 409 1772 regat
439 1741 554 1764 motus
578 1731 811 1772 irrationales,
841 1745 905 1765 nec
929 1732 1076 1777 amplius
1106 1735 1148 1767 ad
1172 1747 1307 1778 pascua,

162 1804 201 1828 ut
227 1807 320 1827 casus
344 1793 474 1834 tulerit,
499 1794 636 1834 exeant,
667 1795 726 1827 sed
752 1807 770 1827 a
799 1804 937 1839 pastore
962 1796 1074 1835 ducti,
1099 1796 1203 1840 ipsius
1227 1810 1309 1842 pro-

162 1856 230 1902 prii
253 1857 346 1897 fiant,
372 1855 431 1900 qui
455 1856 497 1888 ab
515 1869 556 1888 eo
571 1856 673 1889 alieni
689 1856 877 1901 aliquando
896 1867 1021 1890 erant«
1068 1857 1198 1892 Homil.
1212 1859 1307 1893 Vlll.

164 1919 200 1952 in
212 1920 340 1952 Jerem.
364 1931 458 1950 num.
475 1917 504 1951 1.
530 1917 700 1962 explicans
724 1918 810 1950 illud
835 1920 1043 1963 prophetae:
1071 1919 1233 1965 »›.Qui³)
1257 1921 1307 1953 se-

164 1981 209 2014 cit
223 1990 348 2013 terram
373 1981 407 2013 iu
429 1979 633 2012 fortitudine
654 1993 779 2012 sua:««
805 1980 853 2014 sic
871 1981 1039 2026 loquitur:
1065 1986 1206 2028 Χρείαν
1219 1983 1306 2027 ἔχο-

158 2056 229 2087 μεν
252 2046 313 2088 τῆς
337 2040 464 2088 ῗσχὺος
485 2044 550 2077 τοῦ
574 2044 684 2077 θεοῦ·
712 2046 828 2088 χωρὶς
858 2044 898 2078 δὲ
931 2046 991 2087 τῆς
1025 2044 1216 2089 δυνάμεως
1239 2048 1303 2081 τοῦ

158 2107 248 2141 θεοῦ
278 2104 346 2151 οὐχ
372 2100 452 2139 οἷόν
476 2106 516 2138 ‘te‘
537 2104 652 2148 ἐσμεν.
673 2103 873 2139 ἐπιτελέσαι
899 2108 1024 2150 ταῦτα,
1053 2105 1120 2140 ὅσα
1145 2106 1187 2141 οὐ
1211 2107 1302 2142 κατὰ

256 2233 288 2277 ¹)
313 2232 437 2265 Psalm.
462 2232 621 2272 LXVIII,
648 2233 702 2268 11.
728 2234 901 2279 (LXVII.)

248 2288 284 2333 ²)
308 2288 369 2321 Ev.
394 2289 517 2321 Joann.
542 2289 586 2329 X,
613 2289 664 2324 11.
762 2291 797 2335 ³)
821 2291 947 2323 Jerem.
972 2290 1017 2330 X,
1044 2291 1097 2324 12.

282 2411 296 2420 e
