<?xml version="1.0" encoding="UTF-8"?>
<!DOCTYPE html PUBLIC "-//W3C//DTD XHTML 1.0 Transitional//EN"
    "http://www.w3.org/TR/xhtml1/DTD/xhtml1-transitional.dtd">
<html xmlns="http://www.w3.org/1999/xhtml" xml:lang="en" lang="en">
 <head>
  <title>
</title>
<meta http-equiv="Content-Type" content="text/html;charset=utf-8" />
  <meta name='ocr-system' content='tesseract 3.04.00' />
  <meta name='ocr-capabilities' content='ocr_page ocr_carea ocr_par ocr_line ocrx_word'/>
</head>
<body>
  <div class='ocr_page' id='page_1' title='image "./operaomniaquaegr23orig/operaomniaquaegr23orig_0328.png"; bbox 0 0 1403 2492; ppageno 0'>
   <div class='ocr_carea' id='block_1_1' title="bbox 181 82 986 119">
    <p class='ocr_par' dir='ltr' id='par_1_1' title="bbox 181 82 986 119">
     <span class='ocr_line' id='line_1_1' title="bbox 181 82 986 119; baseline -0.004 -1"><span class='ocrx_word' id='word_1_1' title='bbox 181 84 248 119; x_wconf 71' lang='lat'>314</span> <span class='ocrx_word' id='word_1_2' title='bbox 519 84 631 117; x_wconf 70' lang='lat' dir='ltr'>Pin-m</span> <span class='ocrx_word' id='word_1_3' title='bbox 656 83 828 117; x_wconf 68' lang='lat' dir='ltr'>DAunzus</span> <span class='ocrx_word' id='word_1_4' title='bbox 853 82 986 116; x_wconf 75' lang='grc' dir='ltr'>Ηυετιι</span> 
     </span>
    </p>
   </div>
   <div class='ocr_carea' id='block_1_2' title="bbox 182 171 1322 2142">
    <p class='ocr_par' dir='ltr' id='par_1_2' title="bbox 182 171 1321 1138">
     <span class='ocr_line' id='line_1_2' title="bbox 182 171 1318 217; baseline -0.004 -10"><span class='ocrx_word' id='word_1_5' title='bbox 182 174 401 208; x_wconf 72' lang='lat' dir='ltr'>haesitatione</span> <span class='ocrx_word' id='word_1_6' title='bbox 425 174 669 207; x_wconf 83' lang='lat' dir='ltr'>validissimum</span> <span class='ocrx_word' id='word_1_7' title='bbox 689 173 806 206; x_wconf 77' lang='lat' dir='ltr'>tuendi</span> <span class='ocrx_word' id='word_1_8' title='bbox 826 173 932 217; x_wconf 83' lang='lat' dir='ltr'>ipsius</span> <span class='ocrx_word' id='word_1_9' title='bbox 949 181 1182 215; x_wconf 77' lang='lat' dir='ltr'><strong>argumentum</strong></span> <span class='ocrx_word' id='word_1_10' title='bbox 1206 171 1318 211; x_wconf 70' lang='lat' dir='ltr'>sumit,</span> 
     </span>
     <span class='ocr_line' id='line_1_3' title="bbox 183 233 1319 282; baseline -0.004 -12"><span class='ocrx_word' id='word_1_11' title='bbox 183 238 285 282; x_wconf 86' lang='lat' dir='ltr'>idque</span> <span class='ocrx_word' id='word_1_12' title='bbox 317 250 385 270; x_wconf 91' lang='lat' dir='ltr'>non</span> <span class='ocrx_word' id='word_1_13' title='bbox 418 236 523 269; x_wconf 84' lang='lat' dir='ltr'>semel</span> <span class='ocrx_word' id='word_1_14' title='bbox 554 236 751 268; x_wconf 78' lang='lat' dir='ltr'>adversariis</span> <span class='ocrx_word' id='word_1_15' title='bbox 783 234 942 281; x_wconf 80' lang='lat' dir='ltr'>objectat.</span> <span class='ocrx_word' id='word_1_16' title='bbox 1001 234 1089 267; x_wconf 84' lang='lat' dir='ltr'>Hinc</span> <span class='ocrx_word' id='word_1_17' title='bbox 1114 233 1319 267; x_wconf 82' lang='lat' dir='ltr'>Guilieimus</span> 
     </span>
     <span class='ocr_line' id='line_1_4' title="bbox 182 294 1317 343; baseline -0.005 -11"><span class='ocrx_word' id='word_1_18' title='bbox 182 299 379 333; x_wconf 84' lang='lat' dir='ltr'>Parisiensis</span> <span class='ocrx_word' id='word_1_19' title='bbox 404 298 437 331; x_wconf 92' lang='lat' dir='ltr'>in</span> <span class='ocrx_word' id='word_1_20' title='bbox 464 307 548 343; x_wconf 85' lang='lat' dir='ltr'>part.</span> <span class='ocrx_word' id='word_1_21' title='bbox 577 299 608 333; x_wconf 85' lang='lat'>1.</span> <span class='ocrx_word' id='word_1_22' title='bbox 634 298 675 330; x_wconf 90' lang='lat' dir='ltr'>de</span> <span class='ocrx_word' id='word_1_23' title='bbox 700 297 868 330; x_wconf 87' lang='lat' dir='ltr'>Universo</span> <span class='ocrx_word' id='word_1_24' title='bbox 895 310 966 342; x_wconf 88' lang='lat' dir='ltr'>cap.</span> <span class='ocrx_word' id='word_1_25' title='bbox 993 297 1045 332; x_wconf 67' lang='lat'>19.</span> <span class='ocrx_word' id='word_1_26' title='bbox 1078 296 1159 328; x_wconf 86' lang='lat' dir='ltr'>haec</span> <span class='ocrx_word' id='word_1_27' title='bbox 1184 294 1317 328; x_wconf 85' lang='lat' dir='ltr'>scribit:</span> 
     </span>
     <span class='ocr_line' id='line_1_5' title="bbox 186 356 1319 405; baseline -0.003 -14"><span class='ocrx_word' id='word_1_28' title='bbox 186 361 295 394; x_wconf 69' lang='lat' dir='ltr'>»Hinc</span> <span class='ocrx_word' id='word_1_29' title='bbox 321 371 369 393; x_wconf 74' lang='lat' dir='ltr'>est</span> <span class='ocrx_word' id='word_1_30' title='bbox 394 374 508 400; x_wconf 85' lang='lat' dir='ltr'>error,</span> <span class='ocrx_word' id='word_1_31' title='bbox 542 360 599 405; x_wconf 88' lang='lat' dir='ltr'>qui</span> <span class='ocrx_word' id='word_1_32' title='bbox 631 359 811 404; x_wconf 86' lang='lat' dir='ltr'>impositus</span> <span class='ocrx_word' id='word_1_33' title='bbox 848 359 912 391; x_wconf 83' lang='lat' dir='ltr'>suit</span> <span class='ocrx_word' id='word_1_34' title='bbox 944 373 962 392; x_wconf 79' lang='lat' dir='ltr'>a</span> <span class='ocrx_word' id='word_1_35' title='bbox 993 359 1193 404; x_wconf 81' lang='lat' dir='ltr'>quibusdam</span> <span class='ocrx_word' id='word_1_36' title='bbox 1218 356 1277 389; x_wconf 89' lang='lat' dir='ltr'>uni</span> <span class='ocrx_word' id='word_1_37' title='bbox 1302 368 1319 388; x_wconf 80' lang='lat' dir='ltr'>e</span> 
     </span>
     <span class='ocr_line' id='line_1_6' title="bbox 182 418 1321 467; baseline -0.004 -12"><span class='ocrx_word' id='word_1_38' title='bbox 182 422 374 467; x_wconf 78' lang='lat' dir='ltr'>praecipuis</span> <span class='ocrx_word' id='word_1_39' title='bbox 400 422 598 455; x_wconf 87' lang='lat' dir='ltr'>doctoribus</span> <span class='ocrx_word' id='word_1_40' title='bbox 625 421 904 460; x_wconf 78' lang='lat' dir='ltr'>Christianorum,</span> <span class='ocrx_word' id='word_1_41' title='bbox 929 430 963 454; x_wconf 82' lang='lat' dir='ltr'>et</span> <span class='ocrx_word' id='word_1_42' title='bbox 987 422 1048 453; x_wconf 86' lang='lat' dir='ltr'>iste</span> <span class='ocrx_word' id='word_1_43' title='bbox 1074 420 1138 453; x_wconf 80' lang='lat' dir='ltr'>suit</span> <span class='ocrx_word' id='word_1_44' title='bbox 1155 433 1172 452; x_wconf 83' lang='lat' dir='ltr'>e</span> <span class='ocrx_word' id='word_1_45' title='bbox 1190 418 1321 464; x_wconf 85' lang='lat' dir='ltr'>sapien-</span> 
     </span>
     <span class='ocr_line' id='line_1_7' title="bbox 182 481 1320 527; baseline -0.004 -10"><span class='ocrx_word' id='word_1_46' title='bbox 182 485 272 517; x_wconf 79' lang='lat' dir='ltr'>tibus</span> <span class='ocrx_word' id='word_1_47' title='bbox 311 484 496 527; x_wconf 78' lang='lat' dir='ltr'>Theoiogis</span> <span class='ocrx_word' id='word_1_48' title='bbox 533 485 764 523; x_wconf 82' lang='lat' dir='ltr'>Graecorum,</span> <span class='ocrx_word' id='word_1_49' title='bbox 801 493 834 515; x_wconf 84' lang='lat' dir='ltr'>et</span> <span class='ocrx_word' id='word_1_50' title='bbox 872 493 1008 516; x_wconf 79' lang='lat' dir='ltr'>vocatus</span> <span class='ocrx_word' id='word_1_51' title='bbox 1032 483 1106 515; x_wconf 70' lang='lat' dir='ltr'>&#39;suit</span> <span class='ocrx_word' id='word_1_52' title='bbox 1145 481 1320 523; x_wconf 84' lang='lat' dir='ltr'>Origenes.</span> 
     </span>
     <span class='ocr_line' id='line_1_8' title="bbox 183 543 1320 592; baseline -0.004 -13"><span class='ocrx_word' id='word_1_53' title='bbox 183 547 373 592; x_wconf 72' lang='lat' dir='ltr'>Apparebit</span> <span class='ocrx_word' id='word_1_54' title='bbox 405 557 518 579; x_wconf 81' lang='lat' dir='ltr'>autem</span> <span class='ocrx_word' id='word_1_55' title='bbox 557 546 619 579; x_wconf 83' lang='lat' dir='ltr'>tibi</span> <span class='ocrx_word' id='word_1_56' title='bbox 656 546 766 590; x_wconf 84' lang='lat' dir='ltr'>ipsum</span> <span class='ocrx_word' id='word_1_57' title='bbox 798 545 989 577; x_wconf 76' lang='lat' dir='ltr'>nullatenus</span> <span class='ocrx_word' id='word_1_58' title='bbox 1022 557 1059 576; x_wconf 88' lang='lat' dir='ltr'>ex</span> <span class='ocrx_word' id='word_1_59' title='bbox 1091 543 1252 576; x_wconf 81' lang='lat' dir='ltr'>sententia</span> <span class='ocrx_word' id='word_1_60' title='bbox 1288 551 1320 574; x_wconf 84' lang='lat' dir='ltr'>et</span> 
     </span>
     <span class='ocr_line' id='line_1_9' title="bbox 183 604 1319 651; baseline -0.005 -9"><span class='ocrx_word' id='word_1_61' title='bbox 183 608 366 642; x_wconf 84' lang='lat' dir='ltr'>assertione</span> <span class='ocrx_word' id='word_1_62' title='bbox 392 609 548 642; x_wconf 56' lang='lat' dir='ltr'>dixisse«</span> <span class='ocrx_word' id='word_1_63' title='bbox 600 607 670 651; x_wconf 83' lang='lat' dir='ltr'>Qui</span> <span class='ocrx_word' id='word_1_64' title='bbox 695 606 806 639; x_wconf 84' lang='lat' dir='ltr'>minus</span> <span class='ocrx_word' id='word_1_65' title='bbox 837 617 948 639; x_wconf 84' lang='lat' dir='ltr'>autem</span> <span class='ocrx_word' id='word_1_66' title='bbox 975 608 1058 639; x_wconf 83' lang='lat' dir='ltr'>hanc</span> <span class='ocrx_word' id='word_1_67' title='bbox 1084 618 1147 651; x_wconf 83' lang='lat' dir='ltr'>pro</span> <span class='ocrx_word' id='word_1_68' title='bbox 1173 604 1319 646; x_wconf 76' lang='lat' dir='ltr'>Origene</span> 
     </span>
     <span class='ocr_line' id='line_1_10' title="bbox 184 666 1321 714; baseline -0.004 -10"><span class='ocrx_word' id='word_1_69' title='bbox 184 672 433 704; x_wconf 81' lang='lat' dir='ltr'>exeusationem</span> <span class='ocrx_word' id='word_1_70' title='bbox 459 670 707 714; x_wconf 79' lang='lat' dir='ltr'>usurpabimus,</span> <span class='ocrx_word' id='word_1_71' title='bbox 732 682 809 702; x_wconf 84' lang='lat' dir='ltr'>cum</span> <span class='ocrx_word' id='word_1_72' title='bbox 835 669 975 700; x_wconf 85' lang='lat' dir='ltr'>eandem</span> <span class='ocrx_word' id='word_1_73' title='bbox 1001 682 1064 713; x_wconf 85' lang='lat' dir='ltr'>pro</span> <span class='ocrx_word' id='word_1_74' title='bbox 1090 668 1246 710; x_wconf 84' lang='lat' dir='ltr'>Origenis</span> <span class='ocrx_word' id='word_1_75' title='bbox 1271 666 1321 699; x_wconf 88' lang='lat' dir='ltr'>di-</span> 
     </span>
     <span class='ocr_line' id='line_1_11' title="bbox 183 728 1320 778; baseline -0.004 -12"><span class='ocrx_word' id='word_1_76' title='bbox 183 734 316 778; x_wconf 85' lang='lat' dir='ltr'>scipulo</span> <span class='ocrx_word' id='word_1_77' title='bbox 342 732 511 774; x_wconf 79' lang='lat' dir='ltr'>Gregorio</span> <span class='ocrx_word' id='word_1_78' title='bbox 538 733 790 773; x_wconf 65' lang='lat' dir='ltr'>&#39;l&#39;haumaturgo</span> <span class='ocrx_word' id='word_1_79' title='bbox 815 731 1026 775; x_wconf 72' lang='lat' dir='ltr'>usurpaverit</span> <span class='ocrx_word' id='word_1_80' title='bbox 1056 730 1201 764; x_wconf 74' lang='lat' dir='ltr'>Basilius</span> <span class='ocrx_word' id='word_1_81' title='bbox 1226 728 1320 773; x_wconf 82' lang='lat' dir='ltr'>epist.</span> 
     </span>
     <span class='ocr_line' id='line_1_12' title="bbox 182 791 1319 838; baseline -0.005 -9"><span class='ocrx_word' id='word_1_82' title='bbox 182 795 266 830; x_wconf 48' lang='lat' dir='ltr'>Gt?</span> <span class='ocrx_word' id='word_1_83' title='bbox 290 795 416 828; x_wconf 82' lang='lat' dir='ltr'>Merito</span> <span class='ocrx_word' id='word_1_84' title='bbox 442 794 555 838; x_wconf 86' lang='lat' dir='ltr'>itaque</span> <span class='ocrx_word' id='word_1_85' title='bbox 581 795 729 826; x_wconf 81' lang='lat' dir='ltr'>Joannes</span> <span class='ocrx_word' id='word_1_86' title='bbox 753 793 854 826; x_wconf 89' lang='lat' dir='ltr'>Picus</span> <span class='ocrx_word' id='word_1_87' title='bbox 878 793 1145 832; x_wconf 81' lang='lat' dir='ltr'>Mirandulanus‚</span> <span class='ocrx_word' id='word_1_88' title='bbox 1168 791 1319 824; x_wconf 85' lang='lat' dir='ltr'>secundo</span> 
     </span>
     <span class='ocr_line' id='line_1_13' title="bbox 183 852 1320 903; baseline -0.004 -14"><span class='ocrx_word' id='word_1_89' title='bbox 183 858 327 889; x_wconf 83' lang='lat' dir='ltr'>articulo</span> <span class='ocrx_word' id='word_1_90' title='bbox 353 856 544 901; x_wconf 81' lang='lat' dir='ltr'>Apologiae</span> <span class='ocrx_word' id='word_1_91' title='bbox 570 869 633 900; x_wconf 89' lang='lat' dir='ltr'>pro</span> <span class='ocrx_word' id='word_1_92' title='bbox 659 855 817 896; x_wconf 82' lang='lat' dir='ltr'>Origene,</span> <span class='ocrx_word' id='word_1_93' title='bbox 842 856 964 903; x_wconf 84' lang='lat' dir='ltr'>probat</span> <span class='ocrx_word' id='word_1_94' title='bbox 985 868 1073 894; x_wconf 87' lang='lat' dir='ltr'>eum,</span> <span class='ocrx_word' id='word_1_95' title='bbox 1097 855 1124 887; x_wconf 89' lang='lat' dir='ltr'>si</span> <span class='ocrx_word' id='word_1_96' title='bbox 1142 854 1223 898; x_wconf 83' lang='lat' dir='ltr'>quid</span> <span class='ocrx_word' id='word_1_97' title='bbox 1241 852 1320 885; x_wconf 78' lang='lat' dir='ltr'>fidei</span> 
     </span>
     <span class='ocr_line' id='line_1_14' title="bbox 183 917 1321 961; baseline -0.004 -10"><span class='ocrx_word' id='word_1_98' title='bbox 183 919 293 952; x_wconf 84' lang='lat' dir='ltr'>minus</span> <span class='ocrx_word' id='word_1_99' title='bbox 319 932 505 950; x_wconf 85' lang='lat' dir='ltr'>consonum</span> <span class='ocrx_word' id='word_1_100' title='bbox 530 918 675 961; x_wconf 76' lang='lat' dir='ltr'>scripsit,</span> <span class='ocrx_word' id='word_1_101' title='bbox 701 930 810 961; x_wconf 75' lang='lat' dir='ltr'>neque</span> <span class='ocrx_word' id='word_1_102' title='bbox 838 917 1058 958; x_wconf 80' lang='lat' dir='ltr'>»dogtnatice,</span> <span class='ocrx_word' id='word_1_103' title='bbox 1083 928 1191 960; x_wconf 84' lang='lat' dir='ltr'>neque</span> <span class='ocrx_word' id='word_1_104' title='bbox 1217 927 1321 947; x_wconf 80' lang='lat' dir='ltr'>asser-</span> 
     </span>
     <span class='ocr_line' id='line_1_15' title="bbox 184 978 1320 1024; baseline -0.005 -10"><span class='ocrx_word' id='word_1_105' title='bbox 184 982 264 1021; x_wconf 83' lang='lat' dir='ltr'>tive,</span> <span class='ocrx_word' id='word_1_106' title='bbox 287 982 346 1013; x_wconf 81' lang='lat' dir='ltr'>sed</span> <span class='ocrx_word' id='word_1_107' title='bbox 368 979 555 1012; x_wconf 69' lang='lat' dir='ltr'>dubitative</span> <span class='ocrx_word' id='word_1_108' title='bbox 569 992 703 1023; x_wconf 77' lang='lat' dir='ltr'>semper</span> <span class='ocrx_word' id='word_1_109' title='bbox 717 988 749 1010; x_wconf 87' lang='lat' dir='ltr'>et</span> <span class='ocrx_word' id='word_1_110' title='bbox 771 979 964 1024; x_wconf 80' lang='lat' dir='ltr'>inquisitive</span> <span class='ocrx_word' id='word_1_111' title='bbox 978 979 1164 1023; x_wconf 83' lang='lat' dir='ltr'>procedere</span> <span class='ocrx_word' id='word_1_112' title='bbox 1177 991 1204 1018; x_wconf 76' lang='lat'>3«</span> <span class='ocrx_word' id='word_1_113' title='bbox 1233 978 1320 1009; x_wconf 75' lang='lat' dir='ltr'>niui-</span> 
     </span>
     <span class='ocr_line' id='line_1_16' title="bbox 184 1039 1321 1088; baseline -0.004 -12"><span class='ocrx_word' id='word_1_114' title='bbox 184 1054 284 1088; x_wconf 81' lang='lat' dir='ltr'>taque</span> <span class='ocrx_word' id='word_1_115' title='bbox 320 1042 477 1084; x_wconf 81' lang='lat' dir='ltr'>origenis</span> <span class='ocrx_word' id='word_1_116' title='bbox 511 1051 691 1084; x_wconf 77' lang='lat' dir='ltr'>congregat</span> <span class='ocrx_word' id='word_1_117' title='bbox 724 1041 818 1081; x_wconf 89' lang='lat' dir='ltr'>loca,</span> <span class='ocrx_word' id='word_1_118' title='bbox 848 1041 882 1073; x_wconf 89' lang='lat' dir='ltr'>in</span> <span class='ocrx_word' id='word_1_119' title='bbox 908 1042 1029 1086; x_wconf 88' lang='lat' dir='ltr'>quibus</span> <span class='ocrx_word' id='word_1_120' title='bbox 1052 1049 1191 1085; x_wconf 85' lang='lat' dir='ltr'>apparet</span> <span class='ocrx_word' id='word_1_121' title='bbox 1217 1039 1321 1084; x_wconf 82' lang='lat' dir='ltr'>ipsius</span> 
     </span>
     <span class='ocr_line' id='line_1_17' title="bbox 184 1104 376 1138; baseline -0.01 0"><span class='ocrx_word' id='word_1_122' title='bbox 184 1104 376 1138; x_wconf 79' lang='lat' dir='ltr'>fluctuatio.</span> 
     </span>
    </p>

    <p class='ocr_par' dir='ltr' id='par_1_3' title="bbox 184 1164 1322 1580">
     <span class='ocr_line' id='line_1_18' title="bbox 276 1164 1322 1208; baseline -0.004 -8"><span class='ocrx_word' id='word_1_123' title='bbox 276 1167 425 1200; x_wconf 83' lang='lat' dir='ltr'>Multum</span> <span class='ocrx_word' id='word_1_124' title='bbox 453 1166 553 1199; x_wconf 81' lang='lat' dir='ltr'>etiam</span> <span class='ocrx_word' id='word_1_125' title='bbox 578 1165 780 1198; x_wconf 82' lang='lat' dir='ltr'>modestiam</span> <span class='ocrx_word' id='word_1_126' title='bbox 806 1165 980 1208; x_wconf 83' lang='lat' dir='ltr'>Origenis,</span> <span class='ocrx_word' id='word_1_127' title='bbox 1010 1174 1043 1197; x_wconf 85' lang='lat' dir='ltr'>et</span> <span class='ocrx_word' id='word_1_128' title='bbox 1076 1164 1260 1197; x_wconf 79' lang='lat' dir='ltr'>submissos</span> <span class='ocrx_word' id='word_1_129' title='bbox 1284 1177 1322 1196; x_wconf 83' lang='lat' dir='ltr'>ae</span> 
     </span>
     <span class='ocr_line' id='line_1_19' title="bbox 185 1226 1322 1273; baseline -0.005 -10"><span class='ocrx_word' id='word_1_130' title='bbox 185 1230 328 1272; x_wconf 77' lang='lat' dir='ltr'>humiles</span> <span class='ocrx_word' id='word_1_131' title='bbox 354 1230 395 1262; x_wconf 88' lang='lat' dir='ltr'>de</span> <span class='ocrx_word' id='word_1_132' title='bbox 420 1242 473 1270; x_wconf 81' lang='lat' dir='ltr'>se,</span> <span class='ocrx_word' id='word_1_133' title='bbox 497 1241 622 1273; x_wconf 84' lang='lat' dir='ltr'>suaque</span> <span class='ocrx_word' id='word_1_134' title='bbox 648 1228 802 1260; x_wconf 77' lang='lat' dir='ltr'>doctrina</span> <span class='ocrx_word' id='word_1_135' title='bbox 825 1241 940 1261; x_wconf 86' lang='lat' dir='ltr'>sensus</span> <span class='ocrx_word' id='word_1_136' title='bbox 964 1227 1137 1272; x_wconf 82' lang='lat' dir='ltr'>praedicat</span> <span class='ocrx_word' id='word_1_137' title='bbox 1161 1226 1322 1270; x_wconf 84' lang='lat' dir='ltr'>Pamphi-</span> 
     </span>
     <span class='ocr_line' id='line_1_20' title="bbox 184 1288 1322 1336; baseline -0.004 -11"><span class='ocrx_word' id='word_1_138' title='bbox 184 1292 237 1326; x_wconf 85' lang='lat' dir='ltr'>lus</span> <span class='ocrx_word' id='word_1_139' title='bbox 262 1292 361 1324; x_wconf 84' lang='lat' dir='ltr'>initio</span> <span class='ocrx_word' id='word_1_140' title='bbox 390 1291 597 1336; x_wconf 78' lang='lat' dir='ltr'>Apologiae:</span> <span class='ocrx_word' id='word_1_141' title='bbox 624 1300 657 1322; x_wconf 86' lang='lat' dir='ltr'>et</span> <span class='ocrx_word' id='word_1_142' title='bbox 681 1291 817 1323; x_wconf 85' lang='lat' dir='ltr'>merito.</span> <span class='ocrx_word' id='word_1_143' title='bbox 867 1289 960 1333; x_wconf 84' lang='lat' dir='ltr'>Quid</span> <span class='ocrx_word' id='word_1_144' title='bbox 980 1288 1068 1321; x_wconf 85' lang='lat' dir='ltr'>enim</span> <span class='ocrx_word' id='word_1_145' title='bbox 1086 1298 1154 1321; x_wconf 82' lang='lat' dir='ltr'>tam</span> <span class='ocrx_word' id='word_1_146' title='bbox 1179 1289 1220 1320; x_wconf 85' lang='lat' dir='ltr'>ab</span> <span class='ocrx_word' id='word_1_147' title='bbox 1245 1289 1322 1320; x_wconf 84' lang='lat' dir='ltr'>hae-</span> 
     </span>
     <span class='ocr_line' id='line_1_21' title="bbox 185 1351 1320 1399; baseline -0.005 -11"><span class='ocrx_word' id='word_1_148' title='bbox 185 1356 250 1388; x_wconf 89' lang='lat' dir='ltr'>resi</span> <span class='ocrx_word' id='word_1_149' title='bbox 274 1354 435 1394; x_wconf 85' lang='lat' dir='ltr'>alienum,</span> <span class='ocrx_word' id='word_1_150' title='bbox 462 1352 555 1399; x_wconf 81' lang='lat' dir='ltr'>cujus</span> <span class='ocrx_word' id='word_1_151' title='bbox 582 1363 692 1385; x_wconf 87' lang='lat' dir='ltr'>certus</span> <span class='ocrx_word' id='word_1_152' title='bbox 717 1352 888 1385; x_wconf 78' lang='lat' dir='ltr'>character</span> <span class='ocrx_word' id='word_1_153' title='bbox 912 1361 961 1384; x_wconf 84' lang='lat' dir='ltr'>est</span> <span class='ocrx_word' id='word_1_154' title='bbox 974 1351 1154 1396; x_wconf 81' lang='lat' dir='ltr'>superbia?</span> <span class='ocrx_word' id='word_1_155' title='bbox 1177 1351 1320 1383; x_wconf 83' lang='lat' dir='ltr'>Factum</span> 
     </span>
     <span class='ocr_line' id='line_1_22' title="bbox 185 1413 1320 1461; baseline -0.003 -12"><span class='ocrx_word' id='word_1_156' title='bbox 185 1417 297 1461; x_wconf 77' lang='lat' dir='ltr'>itaque</span> <span class='ocrx_word' id='word_1_157' title='bbox 325 1417 455 1460; x_wconf 84' lang='lat' dir='ltr'>optime</span> <span class='ocrx_word' id='word_1_158' title='bbox 480 1425 529 1448; x_wconf 83' lang='lat' dir='ltr'>est</span> <span class='ocrx_word' id='word_1_159' title='bbox 553 1417 594 1448; x_wconf 87' lang='lat' dir='ltr'>ab</span> <span class='ocrx_word' id='word_1_160' title='bbox 621 1414 800 1455; x_wconf 78' lang='lat' dir='ltr'>Hatloxio‚</span> <span class='ocrx_word' id='word_1_161' title='bbox 838 1428 914 1446; x_wconf 88' lang='lat' dir='ltr'>cum</span> <span class='ocrx_word' id='word_1_162' title='bbox 946 1414 980 1446; x_wconf 89' lang='lat' dir='ltr'>in</span> <span class='ocrx_word' id='word_1_163' title='bbox 1005 1413 1077 1455; x_wconf 77' lang='lat' dir='ltr'>ejus</span> <span class='ocrx_word' id='word_1_164' title='bbox 1103 1414 1320 1446; x_wconf 80' lang='lat' dir='ltr'>contestanda</span> 
     </span>
     <span class='ocr_line' id='line_1_23' title="bbox 186 1475 1321 1521; baseline -0.003 -10"><span class='ocrx_word' id='word_1_165' title='bbox 186 1479 392 1511; x_wconf 79' lang='lat' dir='ltr'>demissione</span> <span class='ocrx_word' id='word_1_166' title='bbox 417 1487 450 1510; x_wconf 85' lang='lat' dir='ltr'>et</span> <span class='ocrx_word' id='word_1_167' title='bbox 473 1477 641 1510; x_wconf 80' lang='lat' dir='ltr'>modestia</span> <span class='ocrx_word' id='word_1_168' title='bbox 659 1490 799 1521; x_wconf 84' lang='lat' dir='ltr'>operam</span> <span class='ocrx_word' id='word_1_169' title='bbox 816 1489 908 1508; x_wconf 85' lang='lat' dir='ltr'>suam</span> <span class='ocrx_word' id='word_1_170' title='bbox 923 1476 1048 1520; x_wconf 79' lang='lat' dir='ltr'>posuit,</span> <span class='ocrx_word' id='word_1_171' title='bbox 1075 1485 1108 1508; x_wconf 83' lang='lat' dir='ltr'>et</span> <span class='ocrx_word' id='word_1_172' title='bbox 1125 1475 1199 1508; x_wconf 79' lang='lat' dir='ltr'>loca</span> <span class='ocrx_word' id='word_1_173' title='bbox 1218 1476 1321 1521; x_wconf 84' lang='lat' dir='ltr'>ipsius</span> 
     </span>
     <span class='ocr_line' id='line_1_24' title="bbox 186 1528 1139 1580; baseline -0.003 -7"><span class='ocrx_word' id='word_1_174' title='bbox 186 1543 291 1573; x_wconf 67' lang='lat' dir='ltr'>multa</span> <span class='ocrx_word' id='word_1_175' title='bbox 318 1539 540 1572; x_wconf 78' lang='lat' dir='ltr'>coacervavit.</span> <span class='ocrx_word' id='word_1_176' title='bbox 567 1539 660 1580; x_wconf 87' lang='lat' dir='ltr'>Orig.</span> <span class='ocrx_word' id='word_1_177' title='bbox 688 1539 814 1571; x_wconf 87' lang='lat' dir='ltr'>defens.</span> <span class='ocrx_word' id='word_1_178' title='bbox 841 1538 899 1570; x_wconf 85' lang='lat' dir='ltr'>lib.</span> <span class='ocrx_word' id='word_1_179' title='bbox 926 1538 968 1569; x_wconf 87' lang='grc'>11.</span> <span class='ocrx_word' id='word_1_180' title='bbox 995 1550 1068 1580; x_wconf 82' lang='lat' dir='ltr'>cap.</span> <span class='ocrx_word' id='word_1_181' title='bbox 1092 1528 1139 1571; x_wconf 33' lang='grc'>2.-</span> 
     </span>
    </p>

    <p class='ocr_par' dir='ltr' id='par_1_4' title="bbox 185 1599 1322 2142">
     <span class='ocr_line' id='line_1_25' title="bbox 275 1599 1319 1646; baseline -0.003 -11"><span class='ocrx_word' id='word_1_182' title='bbox 275 1603 355 1636; x_wconf 90' lang='lat' dir='ltr'><strong>Xll.</strong></span> <span class='ocrx_word' id='word_1_183' title='bbox 404 1601 522 1645; x_wconf 86' lang='lat' dir='ltr'>Quid?</span> <span class='ocrx_word' id='word_1_184' title='bbox 547 1600 911 1646; x_wconf 85' lang='lat' dir='ltr'>qu‹›d·internecinum</span> <span class='ocrx_word' id='word_1_185' title='bbox 937 1612 1013 1631; x_wconf 86' lang='lat' dir='ltr'>cum</span> <span class='ocrx_word' id='word_1_186' title='bbox 1034 1599 1222 1632; x_wconf 83' lang='lat' dir='ltr'>Haereticis</span> <span class='ocrx_word' id='word_1_187' title='bbox 1245 1601 1319 1633; x_wconf 84' lang='lat' dir='ltr'>hel-</span> 
     </span>
     <span class='ocr_line' id='line_1_26' title="bbox 188 1661 1320 1709; baseline -0.001 -12"><span class='ocrx_word' id='word_1_188' title='bbox 188 1667 256 1697; x_wconf 81' lang='lat' dir='ltr'>lum</span> <span class='ocrx_word' id='word_1_189' title='bbox 281 1673 449 1709; x_wconf 80' lang='lat' dir='ltr'>perpetuo</span> <span class='ocrx_word' id='word_1_190' title='bbox 474 1663 559 1706; x_wconf 86' lang='lat' dir='ltr'>gerit</span> <span class='ocrx_word' id='word_1_191' title='bbox 584 1663 765 1704; x_wconf 76' lang='lat' dir='ltr'>Origenes,</span> <span class='ocrx_word' id='word_1_192' title='bbox 796 1661 1056 1700; x_wconf 75' lang='lat' dir='ltr'>Valentinianis,</span> <span class='ocrx_word' id='word_1_193' title='bbox 1082 1662 1320 1703; x_wconf 74' lang='lat' dir='ltr'>marcionistis,</span> 
     </span>
     <span class='ocr_line' id='line_1_27' title="bbox 185 1724 1320 1770; baseline 0 -11"><span class='ocrx_word' id='word_1_194' title='bbox 185 1726 412 1767; x_wconf 84' lang='lat' dir='ltr'>Basilidianis,</span> <span class='ocrx_word' id='word_1_195' title='bbox 437 1725 607 1770; x_wconf 67' lang='lat' dir='ltr'>Apollinis,</span> <span class='ocrx_word' id='word_1_196' title='bbox 631 1724 847 1764; x_wconf 75' lang='lat' dir='ltr'>Heleesaitis3</span> <span class='ocrx_word' id='word_1_197' title='bbox 883 1736 989 1768; x_wconf 81' lang='lat' dir='ltr'>eaque</span> <span class='ocrx_word' id='word_1_198' title='bbox 1020 1724 1129 1756; x_wconf 83' lang='lat' dir='ltr'>teneri</span> <span class='ocrx_word' id='word_1_199' title='bbox 1158 1737 1196 1757; x_wconf 81' lang='lat' dir='ltr'>ac</span> <span class='ocrx_word' id='word_1_200' title='bbox 1229 1727 1320 1759; x_wconf 85' lang='lat' dir='ltr'>credi</span> 
     </span>
     <span class='ocr_line' id='line_1_28' title="bbox 187 1786 1320 1834; baseline -0.005 -12"><span class='ocrx_word' id='word_1_201' title='bbox 187 1791 347 1822; x_wconf 78' lang='lat' dir='ltr'>duntaxat</span> <span class='ocrx_word' id='word_1_202' title='bbox 372 1788 477 1834; x_wconf 77' lang='lat' dir='ltr'>jubet,</span> <span class='ocrx_word' id='word_1_203' title='bbox 501 1789 585 1832; x_wconf 79' lang='lat' dir='ltr'>quae</span> <span class='ocrx_word' id='word_1_204' title='bbox 612 1788 653 1818; x_wconf 86' lang='lat' dir='ltr'>ab</span> <span class='ocrx_word' id='word_1_205' title='bbox 679 1786 817 1818; x_wconf 83' lang='lat' dir='ltr'>ecclesia</span> <span class='ocrx_word' id='word_1_206' title='bbox 843 1795 980 1830; x_wconf 75' lang='lat' dir='ltr'>recepta</span> <span class='ocrx_word' id='word_1_207' title='bbox 1003 1795 1089 1819; x_wconf 84' lang='lat' dir='ltr'>sunt.</span> <span class='ocrx_word' id='word_1_208' title='bbox 1130 1788 1213 1821; x_wconf 79' lang='lat' dir='ltr'>»Illa</span> <span class='ocrx_word' id='word_1_209' title='bbox 1237 1790 1320 1830; x_wconf 67' lang='lat'>3013,</span> 
     </span>
     <span class='ocr_line' id='line_1_29' title="bbox 188 1849 1320 1896; baseline -0.003 -12"><span class='ocrx_word' id='word_1_210' title='bbox 188 1851 298 1896; x_wconf 86' lang='lat' dir='ltr'>inquit</span> <span class='ocrx_word' id='word_1_211' title='bbox 322 1851 355 1883; x_wconf 87' lang='lat' dir='ltr'>in</span> <span class='ocrx_word' id='word_1_212' title='bbox 380 1850 568 1883; x_wconf 86' lang='lat' dir='ltr'>Prooemio</span> <span class='ocrx_word' id='word_1_213' title='bbox 596 1850 652 1882; x_wconf 89' lang='lat' dir='ltr'>lib.</span> <span class='ocrx_word' id='word_1_214' title='bbox 680 1850 708 1883; x_wconf 87' lang='lat'>1.</span> <span class='ocrx_word' id='word_1_215' title='bbox 735 1852 815 1893; x_wconf 63' lang='grc' dir='ltr'>πὲρὶ</span> <span class='ocrx_word' id='word_1_216' title='bbox 835 1849 956 1893; x_wconf 75' lang='grc' dir='ltr'><em>ἀρχῶν</em></span> <span class='ocrx_word' id='word_1_217' title='bbox 980 1850 1129 1889; x_wconf 84' lang='lat' dir='ltr'>num.2.,</span> <span class='ocrx_word' id='word_1_218' title='bbox 1155 1852 1320 1885; x_wconf 76' lang='lat' dir='ltr'>credenda</span> 
     </span>
     <span class='ocr_line' id='line_1_30' title="bbox 188 1911 1321 1957; baseline -0.006 -10"><span class='ocrx_word' id='word_1_219' title='bbox 188 1925 238 1948; x_wconf 82' lang='lat' dir='ltr'>est</span> <span class='ocrx_word' id='word_1_220' title='bbox 262 1915 400 1953; x_wconf 84' lang='lat' dir='ltr'>veritas,</span> <span class='ocrx_word' id='word_1_221' title='bbox 436 1926 520 1957; x_wconf 81' lang='lat' dir='ltr'>quae</span> <span class='ocrx_word' id='word_1_222' title='bbox 557 1912 591 1944; x_wconf 87' lang='lat' dir='ltr'>in</span> <span class='ocrx_word' id='word_1_223' title='bbox 624 1911 718 1943; x_wconf 80' lang='lat' dir='ltr'>nullo</span> <span class='ocrx_word' id='word_1_224' title='bbox 744 1912 785 1943; x_wconf 87' lang='lat' dir='ltr'>ab</span> <span class='ocrx_word' id='word_1_225' title='bbox 811 1911 1035 1943; x_wconf 71' lang='lat' dir='ltr'>ecclesiastica</span> <span class='ocrx_word' id='word_1_226' title='bbox 1063 1921 1096 1944; x_wconf 76' lang='lat' dir='ltr'>et</span> <span class='ocrx_word' id='word_1_227' title='bbox 1115 1913 1146 1957; x_wconf 92' lang='lat'>¹)</span> <span class='ocrx_word' id='word_1_228' title='bbox 1174 1915 1321 1957; x_wconf 85' lang='lat' dir='ltr'>Aposto-</span> 
     </span>
     <span class='ocr_line' id='line_1_31' title="bbox 187 1974 1319 2018; baseline -0.002 -9"><span class='ocrx_word' id='word_1_229' title='bbox 187 1978 252 2010; x_wconf 83' lang='lat' dir='ltr'>lica</span> <span class='ocrx_word' id='word_1_230' title='bbox 277 1976 449 2008; x_wconf 80' lang='lat' dir='ltr'>discordat</span> <span class='ocrx_word' id='word_1_231' title='bbox 472 1975 700 2007; x_wconf 77' lang='lat' dir='ltr'>traditionet«</span> <span class='ocrx_word' id='word_1_232' title='bbox 740 1974 832 2018; x_wconf 84' lang='lat' dir='ltr'>quod</span> <span class='ocrx_word' id='word_1_233' title='bbox 857 1987 956 2018; x_wconf 80' lang='lat' dir='ltr'>saepe</span> <span class='ocrx_word' id='word_1_234' title='bbox 981 1974 1123 2018; x_wconf 82' lang='lat' dir='ltr'>repetit:</span> <span class='ocrx_word' id='word_1_235' title='bbox 1158 1985 1191 2007; x_wconf 87' lang='lat' dir='ltr'>et.</span> <span class='ocrx_word' id='word_1_236' title='bbox 1217 1976 1319 2010; x_wconf 85' lang='lat' dir='ltr'>Hom.</span> 
     </span>
     <span class='ocr_line' id='line_1_32' title="bbox 187 2035 1322 2080; baseline -0.002 -8"><span class='ocrx_word' id='word_1_237' title='bbox 187 2040 282 2072; x_wconf 74' lang='lat' dir='ltr'><strong>XVI.</strong></span> <span class='ocrx_word' id='word_1_238' title='bbox 308 2038 341 2070; x_wconf 88' lang='lat' dir='ltr'>in</span> <span class='ocrx_word' id='word_1_239' title='bbox 367 2039 449 2071; x_wconf 84' lang='lat' dir='ltr'>Luc.</span> <span class='ocrx_word' id='word_1_240' title='bbox 494 2037 591 2078; x_wconf 86' lang='lat' dir='ltr'>»Ego</span> <span class='ocrx_word' id='word_1_241' title='bbox 626 2049 704 2068; x_wconf 73' lang='lat' dir='ltr'>vcro</span> <span class='ocrx_word' id='word_1_242' title='bbox 738 2035 815 2080; x_wconf 83' lang='lat' dir='ltr'>quia</span> <span class='ocrx_word' id='word_1_243' title='bbox 850 2045 934 2080; x_wconf 82' lang='lat' dir='ltr'>opto</span> <span class='ocrx_word' id='word_1_244' title='bbox 967 2049 1036 2068; x_wconf 85' lang='lat' dir='ltr'>esse</span> <span class='ocrx_word' id='word_1_245' title='bbox 1068 2037 1322 2079; x_wconf 80' lang='lat' dir='ltr'>ecclesiasticus,</span> 
     </span>
     <span class='ocr_line' id='line_1_33' title="bbox 189 2097 1320 2142; baseline -0.004 -9"><span class='ocrx_word' id='word_1_246' title='bbox 189 2111 222 2133; x_wconf 80' lang='lat' dir='ltr'>et</span> <span class='ocrx_word' id='word_1_247' title='bbox 251 2114 320 2133; x_wconf 89' lang='lat' dir='ltr'>non</span> <span class='ocrx_word' id='word_1_248' title='bbox 350 2101 392 2132; x_wconf 80' lang='lat' dir='ltr'>ab</span> <span class='ocrx_word' id='word_1_249' title='bbox 424 2098 652 2131; x_wconf 78' lang='lat' dir='ltr'>haeresiarcha</span> <span class='ocrx_word' id='word_1_250' title='bbox 684 2097 817 2142; x_wconf 73' lang='lat' dir='ltr'>aliquo,</span> <span class='ocrx_word' id='word_1_251' title='bbox 854 2098 911 2130; x_wconf 84' lang='lat' dir='ltr'>sed</span> <span class='ocrx_word' id='word_1_252' title='bbox 946 2111 963 2129; x_wconf 86' lang='lat' dir='ltr'>a</span> <span class='ocrx_word' id='word_1_253' title='bbox 996 2098 1121 2132; x_wconf 82' lang='lat' dir='ltr'>Christi</span> <span class='ocrx_word' id='word_1_254' title='bbox 1153 2101 1320 2133; x_wconf 74' lang='lat' dir='ltr'>vocabulo</span> 
     </span>
    </p>
   </div>
   <div class='ocr_carea' id='block_1_3' title="bbox 189 2160 1321 2207">
    <p class='ocr_par' dir='ltr' id='par_1_5' title="bbox 189 2160 1321 2207">
     <span class='ocr_line' id='line_1_34' title="bbox 189 2160 1321 2207; baseline 0 -12"><span class='ocrx_word' id='word_1_255' title='bbox 189 2163 386 2207; x_wconf 79' lang='lat' dir='ltr'>nuncupari,</span> <span class='ocrx_word' id='word_1_256' title='bbox 411 2171 445 2193; x_wconf 85' lang='lat' dir='ltr'>et</span> <span class='ocrx_word' id='word_1_257' title='bbox 469 2162 591 2193; x_wconf 79' lang='lat' dir='ltr'>habere</span> <span class='ocrx_word' id='word_1_258' title='bbox 616 2173 753 2199; x_wconf 85' lang='lat' dir='ltr'>nomen,</span> <span class='ocrx_word' id='word_1_259' title='bbox 779 2161 870 2204; x_wconf 87' lang='lat' dir='ltr'>quod</span> <span class='ocrx_word' id='word_1_260' title='bbox 891 2160 1114 2193; x_wconf 83' lang='lat' dir='ltr'>benedicetur</span> <span class='ocrx_word' id='word_1_261' title='bbox 1130 2175 1232 2207; x_wconf 86' lang='lat' dir='ltr'>super</span> <span class='ocrx_word' id='word_1_262' title='bbox 1256 2171 1321 2195; x_wconf 85' lang='lat' dir='ltr'>ter-</span> 
     </span>
    </p>
   </div>
   <div class='ocr_carea' id='block_1_4' title="bbox 287 2280 1141 2325">
    <p class='ocr_par' dir='ltr' id='par_1_6' title="bbox 287 2280 1141 2325">
     <span class='ocr_line' id='line_1_35' title="bbox 287 2280 1141 2325; baseline -0.002 -10"><span class='ocrx_word' id='word_1_263' title='bbox 287 2280 317 2324; x_wconf 88' lang='lat'>¹)</span> <span class='ocrx_word' id='word_1_264' title='bbox 343 2280 473 2314; x_wconf 86' lang='lat' dir='ltr'>Desunt</span> <span class='ocrx_word' id='word_1_265' title='bbox 499 2280 532 2312; x_wconf 87' lang='lat' dir='ltr'>in</span> <span class='ocrx_word' id='word_1_266' title='bbox 559 2280 632 2312; x_wconf 86' lang='lat' dir='ltr'>cdd.</span> <span class='ocrx_word' id='word_1_267' title='bbox 660 2282 702 2314; x_wconf 80' lang='lat'>11.</span> <span class='ocrx_word' id='word_1_268' title='bbox 727 2282 848 2315; x_wconf 83' lang='lat' dir='ltr'>verba:</span> <span class='ocrx_word' id='word_1_269' title='bbox 876 2290 904 2313; x_wconf 81' lang='lat' dir='ltr'>ct</span> <span class='ocrx_word' id='word_1_270' title='bbox 933 2280 1141 2325; x_wconf 83' lang='lat' dir='ltr'>Apostolica.</span> 
     </span>
    </p>
   </div>
   <div class='ocr_carea' id='block_1_5' title="bbox 289 2409 302 2417">
    <p class='ocr_par' dir='ltr' id='par_1_7' title="bbox 289 2409 302 2417">
     <span class='ocr_line' id='line_1_36' title="bbox 289 2409 302 2417; baseline 0 0"><span class='ocrx_word' id='word_1_271' title='bbox 289 2409 302 2417; x_wconf 63' lang='grc' dir='ltr'><em>ο</em></span> 
     </span>
    </p>
   </div>
  </div>
 </body>
</html>
