<?xml version="1.0" encoding="UTF-8"?>
<!DOCTYPE html PUBLIC "-//W3C//DTD XHTML 1.0 Transitional//EN"
    "http://www.w3.org/TR/xhtml1/DTD/xhtml1-transitional.dtd">
<html xmlns="http://www.w3.org/1999/xhtml" xml:lang="en" lang="en">
 <head>
  <title>
</title>
<meta http-equiv="Content-Type" content="text/html;charset=utf-8" />
  <meta name='ocr-system' content='tesseract 3.04.00' />
  <meta name='ocr-capabilities' content='ocr_page ocr_carea ocr_par ocr_line ocrx_word'/>
</head>
<body>
  <div class='ocr_page' id='page_1' title='image "./operaomniaquaegr23orig/operaomniaquaegr23orig_0056.png"; bbox 0 0 1403 2492; ppageno 0'>
   <div class='ocr_carea' id='block_1_1' title="bbox 152 34 956 72">
    <p class='ocr_par' dir='ltr' id='par_1_1' title="bbox 152 34 956 72">
     <span class='ocr_line' id='line_1_1' title="bbox 152 34 956 72; baseline -0.006 0"><span class='ocrx_word' id='word_1_1' title='bbox 152 36 198 72; x_wconf 81' lang='grc'><strong>46</strong></span> <span class='ocrx_word' id='word_1_2' title='bbox 489 35 601 69; x_wconf 74' lang='lat' dir='ltr'><strong>Pssrm</strong></span> <span class='ocrx_word' id='word_1_3' title='bbox 626 34 798 68; x_wconf 71' lang='lat' dir='ltr'><strong>Dmissms</strong></span> <span class='ocrx_word' id='word_1_4' title='bbox 823 34 956 67; x_wconf 74' lang='lat' dir='ltr'><strong>Hom-11</strong></span> 
     </span>
    </p>
   </div>
   <div class='ocr_carea' id='block_1_2' title="bbox 137 123 1300 1902">
    <p class='ocr_par' dir='ltr' id='par_1_2' title="bbox 151 123 1297 346">
     <span class='ocr_line' id='line_1_2' title="bbox 155 123 1297 172; baseline -0.002 -14"><span class='ocrx_word' id='word_1_5' title='bbox 155 129 309 172; x_wconf 79' lang='lat' dir='ltr'><strong>»Nempe</strong></span> <span class='ocrx_word' id='word_1_6' title='bbox 334 126 393 158; x_wconf 85' lang='lat' dir='ltr'><strong>ubi</strong></span> <span class='ocrx_word' id='word_1_7' title='bbox 418 126 558 158; x_wconf 81' lang='lat' dir='ltr'><strong>dicitur:</strong></span> <span class='ocrx_word' id='word_1_8' title='bbox 583 124 666 158; x_wconf 75' lang='lat' dir='ltr'><strong>Noli</strong></span> <span class='ocrx_word' id='word_1_9' title='bbox 691 124 776 164; x_wconf 80' lang='lat' dir='ltr'><strong>hoc,</strong></span> <span class='ocrx_word' id='word_1_10' title='bbox 802 134 835 157; x_wconf 86' lang='lat' dir='ltr'><strong>et</strong></span> <span class='ocrx_word' id='word_1_11' title='bbox 858 124 933 157; x_wconf 87' lang='lat' dir='ltr'><strong>noli</strong></span> <span class='ocrx_word' id='word_1_12' title='bbox 957 123 1063 157; x_wconf 84' lang='lat' dir='ltr'><strong>illud:</strong></span> <span class='ocrx_word' id='word_1_13' title='bbox 1095 132 1129 157; x_wconf 85' lang='lat' dir='ltr'><strong>et</strong></span> <span class='ocrx_word' id='word_1_14' title='bbox 1160 123 1220 156; x_wconf 84' lang='lat' dir='ltr'><strong>ubi</strong></span> <span class='ocrx_word' id='word_1_15' title='bbox 1250 123 1297 156; x_wconf 79' lang='lat' dir='ltr'><strong>ad</strong></span> 
     </span>
     <span class='ocr_line' id='line_1_3' title="bbox 153 184 1294 234; baseline -0.004 -12"><span class='ocrx_word' id='word_1_16' title='bbox 153 189 283 234; x_wconf 88' lang='lat' dir='ltr'><strong>aliquid</strong></span> <span class='ocrx_word' id='word_1_17' title='bbox 309 188 522 227; x_wconf 79' lang='lat' dir='ltr'><strong>faciendum,</strong></span> <span class='ocrx_word' id='word_1_18' title='bbox 552 197 585 220; x_wconf 88' lang='lat' dir='ltr'><strong>et</strong></span> <span class='ocrx_word' id='word_1_19' title='bbox 609 200 677 220; x_wconf 90' lang='lat' dir='ltr'><strong>non</strong></span> <span class='ocrx_word' id='word_1_20' title='bbox 703 186 918 226; x_wconf 73' lang='lat' dir='ltr'><strong>faciendum,</strong></span> <span class='ocrx_word' id='word_1_21' title='bbox 950 185 984 218; x_wconf 90' lang='lat' dir='ltr'><strong>in</strong></span> <span class='ocrx_word' id='word_1_22' title='bbox 1010 185 1132 218; x_wconf 81' lang='lat' dir='ltr'><strong>divinis</strong></span> <span class='ocrx_word' id='word_1_23' title='bbox 1155 184 1294 218; x_wconf 84' lang='lat' dir='ltr'><strong>monitis</strong></span> 
     </span>
     <span class='ocr_line' id='line_1_4' title="bbox 154 247 1294 296; baseline -0.003 -13"><span class='ocrx_word' id='word_1_24' title='bbox 154 264 241 296; x_wconf 88' lang='lat' dir='ltr'><strong>opus</strong></span> <span class='ocrx_word' id='word_1_25' title='bbox 270 249 455 282; x_wconf 86' lang='lat' dir='ltr'><strong>voluntatis</strong></span> <span class='ocrx_word' id='word_1_26' title='bbox 479 249 638 292; x_wconf 84' lang='lat' dir='ltr'><strong>exigitur,</strong></span> <span class='ocrx_word' id='word_1_27' title='bbox 669 247 746 281; x_wconf 85' lang='lat' dir='ltr'><strong>satis</strong></span> <span class='ocrx_word' id='word_1_28' title='bbox 781 248 926 280; x_wconf 83' lang='lat' dir='ltr'><strong>liberum</strong></span> <span class='ocrx_word' id='word_1_29' title='bbox 960 247 1211 281; x_wconf 78' lang='lat' dir='ltr'><strong>demonstratur</strong></span> <span class='ocrx_word' id='word_1_30' title='bbox 1243 260 1294 280; x_wconf 81' lang='lat' dir='ltr'><strong>ar-</strong></span> 
     </span>
     <span class='ocr_line' id='line_1_5' title="bbox 151 312 336 346; baseline -0.011 0"><span class='ocrx_word' id='word_1_31' title='bbox 151 312 304 346; x_wconf 85' lang='lat' dir='ltr'><strong>bitrium.</strong></span> <span class='ocrx_word' id='word_1_32' title='bbox 319 324 336 340; x_wconf 72' lang='grc' dir='ltr'><strong>ί(</strong></span> 
     </span>
    </p>

    <p class='ocr_par' dir='ltr' id='par_1_3' title="bbox 137 369 1300 1902">
     <span class='ocr_line' id='line_1_6' title="bbox 241 369 1297 419; baseline -0.002 -13"><span class='ocrx_word' id='word_1_33' title='bbox 241 373 360 408; x_wconf 74' lang='lat' dir='ltr'><strong>Mirari</strong></span> <span class='ocrx_word' id='word_1_34' title='bbox 384 386 488 418; x_wconf 86' lang='lat' dir='ltr'><strong>porro</strong></span> <span class='ocrx_word' id='word_1_35' title='bbox 513 373 614 412; x_wconf 84' lang='lat' dir='ltr'><strong>subit,</strong></span> <span class='ocrx_word' id='word_1_36' title='bbox 638 374 815 419; x_wconf 85' lang='lat' dir='ltr'><strong>quomodo</strong></span> <span class='ocrx_word' id='word_1_37' title='bbox 842 372 967 405; x_wconf 87' lang='lat' dir='ltr'><strong>oblitus</strong></span> <span class='ocrx_word' id='word_1_38' title='bbox 984 371 1200 417; x_wconf 72' lang='lat' dir='ltr'>superiorum</span> <span class='ocrx_word' id='word_1_39' title='bbox 1215 369 1297 404; x_wconf 84' lang='lat' dir='ltr'><strong>Jan-</strong></span> 
     </span>
     <span class='ocr_line' id='line_1_7' title="bbox 152 431 1296 480; baseline -0.005 -10"><span class='ocrx_word' id='word_1_40' title='bbox 152 436 283 476; x_wconf 80' lang='lat' dir='ltr'><strong>senius,</strong></span> <span class='ocrx_word' id='word_1_41' title='bbox 316 434 466 480; x_wconf 79' lang='lat' dir='ltr'><strong>ejusdem</strong></span> <span class='ocrx_word' id='word_1_42' title='bbox 499 434 655 477; x_wconf 86' lang='lat' dir='ltr'><strong>Origenis</strong></span> <span class='ocrx_word' id='word_1_43' title='bbox 687 435 885 468; x_wconf 80' lang='lat' dir='ltr'><strong>auctoritate</strong></span> <span class='ocrx_word' id='word_1_44' title='bbox 910 436 1056 479; x_wconf 82' lang='lat' dir='ltr'><strong>probare</strong></span> <span class='ocrx_word' id='word_1_45' title='bbox 1082 431 1296 467; x_wconf 88' lang='lat' dir='ltr'><strong>contenderit</strong></span> 
     </span>
     <span class='ocr_line' id='line_1_8' title="bbox 153 494 1295 541; baseline -0.006 -9"><span class='ocrx_word' id='word_1_46' title='bbox 153 499 255 532; x_wconf 88' lang='lat' dir='ltr'><strong>Tom.</strong></span> <span class='ocrx_word' id='word_1_47' title='bbox 280 497 340 531; x_wconf 89' lang='lat' dir='ltr'><strong>Ill.</strong></span> <span class='ocrx_word' id='word_1_48' title='bbox 366 496 424 529; x_wconf 89' lang='lat' dir='ltr'><strong>lib.</strong></span> <span class='ocrx_word' id='word_1_49' title='bbox 450 496 481 530; x_wconf 85' lang='grc'><strong>6.</strong></span> <span class='ocrx_word' id='word_1_50' title='bbox 507 509 578 541; x_wconf 84' lang='lat' dir='ltr'><strong>cap.</strong></span> <span class='ocrx_word' id='word_1_51' title='bbox 607 496 679 535; x_wconf 85' lang='lat'>12.,</span> <span class='ocrx_word' id='word_1_52' title='bbox 710 499 943 530; x_wconf 80' lang='lat' dir='ltr'><strong>necessitatem</strong></span> <span class='ocrx_word' id='word_1_53' title='bbox 976 494 1125 529; x_wconf 81' lang='lat' dir='ltr'>libertati</span> <span class='ocrx_word' id='word_1_54' title='bbox 1148 506 1218 526; x_wconf 88' lang='lat' dir='ltr'><strong>non</strong></span> <span class='ocrx_word' id='word_1_55' title='bbox 1242 505 1295 525; x_wconf 85' lang='lat' dir='ltr'><strong>re·</strong></span> 
     </span>
     <span class='ocr_line' id='line_1_9' title="bbox 151 555 1293 606; baseline -0.006 -13"><span class='ocrx_word' id='word_1_56' title='bbox 151 572 320 606; x_wconf 84' lang='lat' dir='ltr'><strong>pugnare,</strong></span> <span class='ocrx_word' id='word_1_57' title='bbox 350 558 410 591; x_wconf 89' lang='lat' dir='ltr'><strong>sed</strong></span> <span class='ocrx_word' id='word_1_58' title='bbox 433 557 542 590; x_wconf 87' lang='lat' dir='ltr'><strong>solam</strong></span> <span class='ocrx_word' id='word_1_59' title='bbox 575 558 799 593; x_wconf 84' lang='lat' dir='ltr'><strong>coactionem.</strong></span> <span class='ocrx_word' id='word_1_60' title='bbox 846 559 898 592; x_wconf 88' lang='lat' dir='ltr'><strong>Eo</strong></span> <span class='ocrx_word' id='word_1_61' title='bbox 932 571 1056 603; x_wconf 84' lang='lat' dir='ltr'>nempe</span> <span class='ocrx_word' id='word_1_62' title='bbox 1080 556 1188 589; x_wconf 84' lang='lat' dir='ltr'><strong>utitur</strong></span> <span class='ocrx_word' id='word_1_63' title='bbox 1213 555 1293 587; x_wconf 91' lang='lat' dir='ltr'><strong>loco</strong></span> 
     </span>
     <span class='ocr_line' id='line_1_10' title="bbox 152 616 1295 666; baseline -0.006 -10"><span class='ocrx_word' id='word_1_64' title='bbox 152 636 171 655; x_wconf 86' lang='lat' dir='ltr'><strong>e</strong></span> <span class='ocrx_word' id='word_1_65' title='bbox 202 620 389 656; x_wconf 84' lang='lat' dir='ltr'><strong>Prooemio</strong></span> <span class='ocrx_word' id='word_1_66' title='bbox 414 619 582 652; x_wconf 81' lang='lat' dir='ltr'><strong>librorum</strong></span> <span class='ocrx_word' id='word_1_67' title='bbox 608 622 691 664; x_wconf 73' lang='grc' dir='ltr'><strong>περὶ</strong></span> <span class='ocrx_word' id='word_1_68' title='bbox 712 620 840 666; x_wconf 70' lang='grc' dir='ltr'><em>ἀρχῶν</em></span> <span class='ocrx_word' id='word_1_69' title='bbox 862 634 953 654; x_wconf 86' lang='lat' dir='ltr'><strong>num.</strong></span> <span class='ocrx_word' id='word_1_70' title='bbox 967 621 999 655; x_wconf 85' lang='lat'><strong>5.</strong></span> <span class='ocrx_word' id='word_1_71' title='bbox 1045 619 1125 652; x_wconf 84' lang='lat' dir='ltr'><strong>»Est</strong></span> <span class='ocrx_word' id='word_1_72' title='bbox 1149 627 1182 651; x_wconf 84' lang='lat' dir='ltr'><strong>et</strong></span> <span class='ocrx_word' id='word_1_73' title='bbox 1206 616 1295 650; x_wconf 86' lang='lat' dir='ltr'><strong>illud</strong></span> 
     </span>
     <span class='ocr_line' id='line_1_11' title="bbox 152 674 1294 727; baseline -0.006 -9"><span class='ocrx_word' id='word_1_74' title='bbox 152 684 329 718; x_wconf 80' lang='lat' dir='ltr'><strong>definitum</strong></span> <span class='ocrx_word' id='word_1_75' title='bbox 348 683 379 727; x_wconf 86' lang='lat'><strong>¹)</strong></span> <span class='ocrx_word' id='word_1_76' title='bbox 404 682 439 714; x_wconf 86' lang='lat' dir='ltr'><strong>in</strong></span> <span class='ocrx_word' id='word_1_77' title='bbox 463 681 690 714; x_wconf 79' lang='lat' dir='ltr'><strong>ecclesiastica</strong></span> <span class='ocrx_word' id='word_1_78' title='bbox 703 674 969 726; x_wconf 53' lang='lat' dir='ltr'><strong>praedicatione,</strong></span> <span class='ocrx_word' id='word_1_79' title='bbox 994 693 1131 715; x_wconf 86' lang='lat' dir='ltr'><strong>omnem</strong></span> <span class='ocrx_word' id='word_1_80' title='bbox 1148 679 1294 713; x_wconf 80' lang='lat' dir='ltr'><strong>animam</strong></span> 
     </span>
     <span class='ocr_line' id='line_1_12' title="bbox 148 742 1292 788; baseline -0.006 -8"><span class='ocrx_word' id='word_1_81' title='bbox 148 744 388 780; x_wconf 76' lang='lat' dir='ltr'>rationabilem</span> <span class='ocrx_word' id='word_1_82' title='bbox 399 744 433 788; x_wconf 83' lang='lat'><strong>²)</strong></span> <span class='ocrx_word' id='word_1_83' title='bbox 459 755 529 776; x_wconf 85' lang='lat' dir='ltr'><strong>esse</strong></span> <span class='ocrx_word' id='word_1_84' title='bbox 554 742 654 775; x_wconf 85' lang='lat' dir='ltr'><strong>liberi</strong></span> <span class='ocrx_word' id='word_1_85' title='bbox 677 743 808 778; x_wconf 85' lang='lat' dir='ltr'><strong>arbitrii</strong></span> <span class='ocrx_word' id='word_1_86' title='bbox 834 754 868 778; x_wconf 86' lang='lat' dir='ltr'><strong>et</strong></span> <span class='ocrx_word' id='word_1_87' title='bbox 891 743 1092 777; x_wconf 78' lang='lat' dir='ltr'><strong>voluntatis:</strong></span> <span class='ocrx_word' id='word_1_88' title='bbox 1118 755 1189 776; x_wconf 85' lang='lat' dir='ltr'><strong>esse</strong></span> <span class='ocrx_word' id='word_1_89' title='bbox 1205 753 1292 786; x_wconf 87' lang='lat' dir='ltr'><strong>quo-</strong></span> 
     </span>
     <span class='ocr_line' id='line_1_13' title="bbox 149 803 1293 854; baseline -0.004 -13"><span class='ocrx_word' id='word_1_90' title='bbox 149 821 216 854; x_wconf 88' lang='lat' dir='ltr'><strong>que</strong></span> <span class='ocrx_word' id='word_1_91' title='bbox 241 807 272 841; x_wconf 88' lang='lat' dir='ltr'><strong>ei</strong></span> <span class='ocrx_word' id='word_1_92' title='bbox 297 815 466 839; x_wconf 84' lang='lat' dir='ltr'><strong>certamen</strong></span> <span class='ocrx_word' id='word_1_93' title='bbox 490 805 649 839; x_wconf 86' lang='lat' dir='ltr'><strong>adversus</strong></span> <span class='ocrx_word' id='word_1_94' title='bbox 674 806 864 846; x_wconf 89' lang='lat' dir='ltr'><strong>diabolum,</strong></span> <span class='ocrx_word' id='word_1_95' title='bbox 890 815 924 839; x_wconf 89' lang='lat' dir='ltr'><strong>et</strong></span> <span class='ocrx_word' id='word_1_96' title='bbox 947 806 1084 848; x_wconf 82' lang='lat' dir='ltr'>angelos</span> <span class='ocrx_word' id='word_1_97' title='bbox 1101 803 1186 851; x_wconf 80' lang='lat' dir='ltr'><strong>ejus¹</strong></span> <span class='ocrx_word' id='word_1_98' title='bbox 1210 816 1293 837; x_wconf 87' lang='lat' dir='ltr'><strong>con-</strong></span> 
     </span>
     <span class='ocr_line' id='line_1_14' title="bbox 147 867 1293 914; baseline -0.004 -11"><span class='ocrx_word' id='word_1_99' title='bbox 147 869 333 914; x_wconf 82' lang='lat' dir='ltr'><strong>trariasque</strong></span> <span class='ocrx_word' id='word_1_100' title='bbox 357 867 517 907; x_wconf 78' lang='lat' dir='ltr'><strong>virtutes,</strong></span> <span class='ocrx_word' id='word_1_101' title='bbox 542 880 579 899; x_wconf 86' lang='lat' dir='ltr'><strong>ex</strong></span> <span class='ocrx_word' id='word_1_102' title='bbox 605 880 658 907; x_wconf 86' lang='lat' dir='ltr'><strong>eo,</strong></span> <span class='ocrx_word' id='word_1_103' title='bbox 684 868 777 912; x_wconf 85' lang='lat' dir='ltr'><strong>quod</strong></span> <span class='ocrx_word' id='word_1_104' title='bbox 802 868 855 901; x_wconf 81' lang='lat' dir='ltr'><strong>illi</strong></span> <span class='ocrx_word' id='word_1_105' title='bbox 879 868 1028 913; x_wconf 84' lang='lat' dir='ltr'><strong>peccatis</strong></span> <span class='ocrx_word' id='word_1_106' title='bbox 1052 880 1125 900; x_wconf 88' lang='lat' dir='ltr'><strong>eam</strong></span> <span class='ocrx_word' id='word_1_107' title='bbox 1151 877 1293 899; x_wconf 86' lang='lat' dir='ltr'><strong>onerare</strong></span> 
     </span>
     <span class='ocr_line' id='line_1_15' title="bbox 150 928 1293 975; baseline -0.004 -10"><span class='ocrx_word' id='word_1_108' title='bbox 150 931 374 965; x_wconf 81' lang='lat' dir='ltr'><strong>contendant:</strong></span> <span class='ocrx_word' id='word_1_109' title='bbox 404 942 467 962; x_wconf 75' lang='lat' dir='ltr'><strong>nos</strong></span> <span class='ocrx_word' id='word_1_110' title='bbox 503 942 582 961; x_wconf 77' lang='lat' dir='ltr'><strong>vcro</strong></span> <span class='ocrx_word' id='word_1_111' title='bbox 613 930 642 961; x_wconf 89' lang='lat' dir='ltr'><strong>si</strong></span> <span class='ocrx_word' id='word_1_112' title='bbox 670 939 763 962; x_wconf 89' lang='lat' dir='ltr'><strong>recte</strong></span> <span class='ocrx_word' id='word_1_113' title='bbox 793 930 1016 975; x_wconf 23' lang='lat' dir='ltr'><strong>*consulteque</strong></span> <span class='ocrx_word' id='word_1_114' title='bbox 1051 928 1219 970; x_wconf 73' lang='lat' dir='ltr'><strong>vivamus,</strong></span> <span class='ocrx_word' id='word_1_115' title='bbox 1250 928 1293 960; x_wconf 83' lang='lat' dir='ltr'><strong>ab</strong></span> 
     </span>
     <span class='ocr_line' id='line_1_16' title="bbox 145 991 1294 1040; baseline -0.004 -13"><span class='ocrx_word' id='word_1_116' title='bbox 145 992 344 1040; x_wconf 75' lang='lat' dir='ltr'><strong>hujusmodi</strong></span> <span class='ocrx_word' id='word_1_117' title='bbox 367 1004 470 1024; x_wconf 83' lang='lat' dir='ltr'><strong>onere</strong></span> <span class='ocrx_word' id='word_1_118' title='bbox 482 991 516 1036; x_wconf 83' lang='lat'><strong>³)</strong></span> <span class='ocrx_word' id='word_1_119' title='bbox 549 1003 612 1024; x_wconf 90' lang='lat' dir='ltr'><strong>nos</strong></span> <span class='ocrx_word' id='word_1_120' title='bbox 643 1004 764 1024; x_wconf 82' lang='lat' dir='ltr'><strong>exuere</strong></span> <span class='ocrx_word' id='word_1_121' title='bbox 789 1005 964 1024; x_wconf 88' lang='lat' dir='ltr'><strong>conemur.</strong></span> <span class='ocrx_word' id='word_1_122' title='bbox 1019 991 1119 1025; x_wconf 86' lang='lat' dir='ltr'><strong>Unde</strong></span> <span class='ocrx_word' id='word_1_123' title='bbox 1153 999 1188 1023; x_wconf 87' lang='lat' dir='ltr'><strong>et</strong></span> <span class='ocrx_word' id='word_1_124' title='bbox 1211 1002 1294 1023; x_wconf 91' lang='lat' dir='ltr'><strong>con-</strong></span> 
     </span>
     <span class='ocr_line' id='line_1_17' title="bbox 145 1051 1291 1101; baseline -0.003 -12"><span class='ocrx_word' id='word_1_125' title='bbox 145 1069 291 1101; x_wconf 87' lang='lat' dir='ltr'><strong>sequens</strong></span> <span class='ocrx_word' id='word_1_126' title='bbox 316 1063 366 1087; x_wconf 88' lang='lat' dir='ltr'><strong>est</strong></span> <span class='ocrx_word' id='word_1_127' title='bbox 388 1053 598 1095; x_wconf 78' lang='lat' dir='ltr'><strong>intelligere,</strong></span> <span class='ocrx_word' id='word_1_128' title='bbox 620 1066 689 1085; x_wconf 90' lang='lat' dir='ltr'><strong>non</strong></span> <span class='ocrx_word' id='word_1_129' title='bbox 713 1066 775 1086; x_wconf 91' lang='lat' dir='ltr'><strong>nos</strong></span> <span class='ocrx_word' id='word_1_130' title='bbox 799 1052 990 1086; x_wconf 74' lang='lat' dir='ltr'><strong>necessitati</strong></span> <span class='ocrx_word' id='word_1_131' title='bbox 1014 1066 1084 1086; x_wconf 89' lang='lat' dir='ltr'><strong>esse</strong></span> <span class='ocrx_word' id='word_1_132' title='bbox 1109 1051 1291 1098; x_wconf 83' lang='lat' dir='ltr'><strong>subjectos,</strong></span> 
     </span>
     <span class='ocr_line' id='line_1_18' title="bbox 146 1115 1291 1156; baseline -0.003 -7"><span class='ocrx_word' id='word_1_133' title='bbox 146 1127 185 1151; x_wconf 87' lang='lat' dir='ltr'><strong>ut</strong></span> <span class='ocrx_word' id='word_1_134' title='bbox 209 1116 304 1150; x_wconf 89' lang='lat' dir='ltr'><strong>omni</strong></span> <span class='ocrx_word' id='word_1_135' title='bbox 327 1116 447 1156; x_wconf 78' lang='lat' dir='ltr'><strong>modo,</strong></span> <span class='ocrx_word' id='word_1_136' title='bbox 472 1115 601 1148; x_wconf 83' lang='lat' dir='ltr'><strong>etiamsi</strong></span> <span class='ocrx_word' id='word_1_137' title='bbox 626 1115 795 1154; x_wconf 49' lang='lat' dir='ltr'><strong>nolimuss</strong></span> <span class='ocrx_word' id='word_1_138' title='bbox 811 1115 865 1147; x_wconf 74' lang='lat' dir='ltr'><strong>vel</strong></span> <span class='ocrx_word' id='word_1_139' title='bbox 889 1115 989 1155; x_wconf 81' lang='lat' dir='ltr'><strong>mala,</strong></span> <span class='ocrx_word' id='word_1_140' title='bbox 1014 1115 1068 1148; x_wconf 86' lang='lat' dir='ltr'><strong>vel</strong></span> <span class='ocrx_word' id='word_1_141' title='bbox 1088 1115 1178 1147; x_wconf 83' lang='lat' dir='ltr'><strong>bona</strong></span> <span class='ocrx_word' id='word_1_142' title='bbox 1192 1125 1291 1155; x_wconf 78' lang='lat' dir='ltr'><strong>agere</strong></span> 
     </span>
     <span class='ocr_line' id='line_1_19' title="bbox 147 1175 1289 1222; baseline -0.004 -9"><span class='ocrx_word' id='word_1_143' title='bbox 147 1193 318 1222; x_wconf 80' lang='lat' dir='ltr'>cogamur.</span> <span class='ocrx_word' id='word_1_144' title='bbox 373 1177 411 1212; x_wconf 88' lang='lat' dir='ltr'><strong>Si</strong></span> <span class='ocrx_word' id='word_1_145' title='bbox 444 1177 534 1210; x_wconf 90' lang='lat' dir='ltr'><strong>enim</strong></span> <span class='ocrx_word' id='word_1_146' title='bbox 565 1177 673 1209; x_wconf 83' lang='lat' dir='ltr'><strong>nostri</strong></span> <span class='ocrx_word' id='word_1_147' title='bbox 705 1176 836 1209; x_wconf 84' lang='lat' dir='ltr'><strong>arbitrii</strong></span> <span class='ocrx_word' id='word_1_148' title='bbox 871 1176 1052 1221; x_wconf 68' lang='lat' dir='ltr'><strong>sumus,⁴)</strong></span> <span class='ocrx_word' id='word_1_149' title='bbox 1093 1175 1289 1222; x_wconf 78' lang='lat' dir='ltr'><strong>impugnare</strong></span> 
     </span>
     <span class='ocr_line' id='line_1_20' title="bbox 143 1237 1289 1284; baseline -0.005 -9"><span class='ocrx_word' id='word_1_150' title='bbox 143 1255 207 1275; x_wconf 88' lang='lat' dir='ltr'><strong>nos</strong></span> <span class='ocrx_word' id='word_1_151' title='bbox 232 1243 374 1274; x_wconf 79' lang='lat' dir='ltr'><strong>fortasse</strong></span> <span class='ocrx_word' id='word_1_152' title='bbox 397 1248 540 1284; x_wconf 76' lang='lat' dir='ltr'><strong>possunt</strong></span> <span class='ocrx_word' id='word_1_153' title='bbox 560 1239 694 1284; x_wconf 78' lang='lat' dir='ltr'><strong>aliquae</strong></span> <span class='ocrx_word' id='word_1_154' title='bbox 714 1238 856 1271; x_wconf 86' lang='lat' dir='ltr'><strong>virtutes</strong></span> <span class='ocrx_word' id='word_1_155' title='bbox 875 1239 916 1272; x_wconf 87' lang='lat' dir='ltr'><strong>ad</strong></span> <span class='ocrx_word' id='word_1_156' title='bbox 932 1248 1122 1284; x_wconf 86' lang='lat' dir='ltr'><strong>peccatum,</strong></span> <span class='ocrx_word' id='word_1_157' title='bbox 1146 1247 1181 1271; x_wconf 87' lang='lat' dir='ltr'><strong>et</strong></span> <span class='ocrx_word' id='word_1_158' title='bbox 1203 1237 1289 1270; x_wconf 85' lang='lat' dir='ltr'><strong>aliae</strong></span> 
     </span>
     <span class='ocr_line' id='line_1_21' title="bbox 143 1298 1290 1350; baseline -0.003 -14"><span class='ocrx_word' id='word_1_159' title='bbox 143 1303 260 1350; x_wconf 85' lang='lat' dir='ltr'><strong>juvare</strong></span> <span class='ocrx_word' id='word_1_160' title='bbox 284 1303 328 1336; x_wconf 80' lang='lat' dir='ltr'><strong>ad</strong></span> <span class='ocrx_word' id='word_1_161' title='bbox 357 1298 618 1335; x_wconf 42' lang='lat' dir='ltr'><strong>saluteminon</strong></span> <span class='ocrx_word' id='word_1_162' title='bbox 653 1310 765 1333; x_wconf 79' lang='lat' dir='ltr'><strong>tamen</strong></span> <span class='ocrx_word' id='word_1_163' title='bbox 797 1301 996 1334; x_wconf 76' lang='lat' dir='ltr'><strong>necessitate</strong></span> <span class='ocrx_word' id='word_1_164' title='bbox 1028 1301 1198 1343; x_wconf 78' lang='lat' dir='ltr'>cogimur,</span> <span class='ocrx_word' id='word_1_165' title='bbox 1233 1299 1290 1332; x_wconf 75' lang='lat' dir='ltr'><strong>vel</strong></span> 
     </span>
     <span class='ocr_line' id='line_1_22' title="bbox 143 1361 1290 1408; baseline -0.003 -10"><span class='ocrx_word' id='word_1_166' title='bbox 143 1378 240 1408; x_wconf 84' lang='lat' dir='ltr'><strong>agere</strong></span> <span class='ocrx_word' id='word_1_167' title='bbox 265 1373 368 1404; x_wconf 84' lang='lat' dir='ltr'><strong>recte,</strong></span> <span class='ocrx_word' id='word_1_168' title='bbox 394 1364 447 1396; x_wconf 75' lang='lat' dir='ltr'><strong>vel</strong></span> <span class='ocrx_word' id='word_1_169' title='bbox 473 1363 578 1396; x_wconf 80' lang='lat' dir='ltr'><strong>male:</strong></span> <span class='ocrx_word' id='word_1_170' title='bbox 613 1363 706 1407; x_wconf 88' lang='lat' dir='ltr'><strong>quod</strong></span> <span class='ocrx_word' id='word_1_171' title='bbox 734 1362 808 1394; x_wconf 79' lang='lat' dir='ltr'><strong>fieri</strong></span> <span class='ocrx_word' id='word_1_172' title='bbox 831 1362 1054 1402; x_wconf 84' lang='lat' dir='ltr'><strong>arbitrantur,</strong></span> <span class='ocrx_word' id='word_1_173' title='bbox 1086 1362 1144 1406; x_wconf 90' lang='lat' dir='ltr'><strong>qui</strong></span> <span class='ocrx_word' id='word_1_174' title='bbox 1174 1361 1290 1394; x_wconf 83' lang='lat' dir='ltr'><strong>stella-</strong></span> 
     </span>
     <span class='ocr_line' id='line_1_23' title="bbox 142 1422 1300 1466; baseline -0.003 -7"><span class='ocrx_word' id='word_1_175' title='bbox 142 1440 220 1460; x_wconf 81' lang='lat' dir='ltr'><strong>rum</strong></span> <span class='ocrx_word' id='word_1_176' title='bbox 246 1439 400 1466; x_wconf 85' lang='lat' dir='ltr'><strong>cursum,</strong></span> <span class='ocrx_word' id='word_1_177' title='bbox 437 1434 471 1458; x_wconf 86' lang='lat' dir='ltr'><strong>et</strong></span> <span class='ocrx_word' id='word_1_178' title='bbox 494 1435 624 1466; x_wconf 80' lang='lat' dir='ltr'><strong>motus,</strong></span> <span class='ocrx_word' id='word_1_179' title='bbox 666 1437 798 1457; x_wconf 87' lang='lat' dir='ltr'><strong>causam</strong></span> <span class='ocrx_word' id='word_1_180' title='bbox 824 1425 940 1457; x_wconf 81' lang='lat' dir='ltr'><strong>dicunt</strong></span> <span class='ocrx_word' id='word_1_181' title='bbox 965 1425 1191 1457; x_wconf 79' lang='lat' dir='ltr'><strong>humanorum</strong></span> <span class='ocrx_word' id='word_1_182' title='bbox 1216 1422 1300 1456; x_wconf 68' lang='lat' dir='ltr'><strong>esse&#39;</strong></span> 
     </span>
     <span class='ocr_line' id='line_1_24' title="bbox 141 1486 1289 1532; baseline -0.003 -10"><span class='ocrx_word' id='word_1_183' title='bbox 141 1498 331 1531; x_wconf 75' lang='lat' dir='ltr'><strong>gestorum,</strong></span> <span class='ocrx_word' id='word_1_184' title='bbox 358 1500 428 1520; x_wconf 87' lang='lat' dir='ltr'><strong>non</strong></span> <span class='ocrx_word' id='word_1_185' title='bbox 454 1501 592 1527; x_wconf 64' lang='lat' dir='ltr'><strong>eorumi</strong></span> <span class='ocrx_word' id='word_1_186' title='bbox 623 1501 708 1532; x_wconf 75' lang='lat' dir='ltr'><strong>quae</strong></span> <span class='ocrx_word' id='word_1_187' title='bbox 734 1497 824 1520; x_wconf 78' lang='lat' dir='ltr'><strong>extra</strong></span> <span class='ocrx_word' id='word_1_188' title='bbox 849 1487 980 1520; x_wconf 84' lang='lat' dir='ltr'><strong>arbitrii</strong></span> <span class='ocrx_word' id='word_1_189' title='bbox 1003 1486 1161 1520; x_wconf 84' lang='lat' dir='ltr'><strong>accidunt</strong></span> <span class='ocrx_word' id='word_1_190' title='bbox 1186 1486 1289 1518; x_wconf 86' lang='lat' dir='ltr'><strong>liber·</strong></span> 
     </span>
     <span class='ocr_line' id='line_1_25' title="bbox 139 1548 1284 1594; baseline -0.003 -11"><span class='ocrx_word' id='word_1_191' title='bbox 139 1560 264 1591; x_wconf 82' lang='lat' dir='ltr'><strong>tatem,</strong></span> <span class='ocrx_word' id='word_1_192' title='bbox 289 1550 349 1583; x_wconf 86' lang='lat' dir='ltr'><strong>sed</strong></span> <span class='ocrx_word' id='word_1_193' title='bbox 375 1563 513 1590; x_wconf 85' lang='lat' dir='ltr'><strong>eorum,</strong></span> <span class='ocrx_word' id='word_1_194' title='bbox 538 1563 623 1594; x_wconf 87' lang='lat' dir='ltr'><strong>quae</strong></span> <span class='ocrx_word' id='word_1_195' title='bbox 648 1549 682 1582; x_wconf 89' lang='lat' dir='ltr'><strong>in</strong></span> <span class='ocrx_word' id='word_1_196' title='bbox 706 1559 820 1582; x_wconf 83' lang='lat' dir='ltr'><strong>nostra</strong></span> <span class='ocrx_word' id='word_1_197' title='bbox 844 1559 921 1582; x_wconf 92' lang='lat' dir='ltr'><strong>sunt</strong></span> <span class='ocrx_word' id='word_1_198' title='bbox 945 1548 1056 1593; x_wconf 87' lang='lat' dir='ltr'><strong>posita</strong></span> <span class='ocrx_word' id='word_1_199' title='bbox 1081 1557 1284 1593; x_wconf 56' lang='lat' dir='ltr'><strong>potestates(</strong></span> 
     </span>
     <span class='ocr_line' id='line_1_26' title="bbox 140 1610 1284 1655; baseline -0.003 -10"><span class='ocrx_word' id='word_1_200' title='bbox 140 1614 214 1646; x_wconf 88' lang='lat' dir='ltr'><strong>Hac</strong></span> <span class='ocrx_word' id='word_1_201' title='bbox 239 1612 442 1645; x_wconf 76' lang='lat' dir='ltr'><strong>necessitatis</strong></span> <span class='ocrx_word' id='word_1_202' title='bbox 475 1612 624 1654; x_wconf 76' lang='lat' dir='ltr'><strong>cogentis</strong></span> <span class='ocrx_word' id='word_1_203' title='bbox 656 1624 741 1644; x_wconf 78' lang='lat' dir='ltr'><strong>voce</strong></span> <span class='ocrx_word' id='word_1_204' title='bbox 773 1611 954 1653; x_wconf 81' lang='lat' dir='ltr'><strong>significari</strong></span> <span class='ocrx_word' id='word_1_205' title='bbox 986 1620 1084 1655; x_wconf 82' lang='lat' dir='ltr'><strong>putat.</strong></span> <span class='ocrx_word' id='word_1_206' title='bbox 1107 1610 1284 1644; x_wconf 79' lang='lat' dir='ltr'><strong>Jansenius</strong></span> 
     </span>
     <span class='ocr_line' id='line_1_27' title="bbox 139 1674 1285 1717; baseline -0.001 -11"><span class='ocrx_word' id='word_1_207' title='bbox 139 1674 208 1706; x_wconf 64' lang='lat' dir='ltr'><strong>vim</strong></span> <span class='ocrx_word' id='word_1_208' title='bbox 234 1674 340 1713; x_wconf 82' lang='lat' dir='ltr'><strong>illam,</strong></span> <span class='ocrx_word' id='word_1_209' title='bbox 365 1686 449 1717; x_wconf 86' lang='lat' dir='ltr'><strong>quae</strong></span> <span class='ocrx_word' id='word_1_210' title='bbox 474 1675 546 1707; x_wconf 73' lang='lat' dir='ltr'><strong>sola</strong></span> <span class='ocrx_word' id='word_1_211' title='bbox 570 1674 761 1706; x_wconf 85' lang='lat' dir='ltr'><strong>libertatem</strong></span> <span class='ocrx_word' id='word_1_212' title='bbox 786 1674 956 1715; x_wconf 73' lang='lat' dir='ltr'><strong>infringat,</strong></span> <span class='ocrx_word' id='word_1_213' title='bbox 981 1686 1058 1706; x_wconf 91' lang='lat' dir='ltr'><strong>cum</strong></span> <span class='ocrx_word' id='word_1_214' title='bbox 1083 1686 1156 1706; x_wconf 86' lang='lat' dir='ltr'><strong>eam</strong></span> <span class='ocrx_word' id='word_1_215' title='bbox 1172 1682 1285 1705; x_wconf 83' lang='lat' dir='ltr'><strong>tamen</strong></span> 
     </span>
     <span class='ocr_line' id='line_1_28' title="bbox 139 1732 1285 1780; baseline -0.003 -12"><span class='ocrx_word' id='word_1_216' title='bbox 139 1735 346 1769; x_wconf 77' lang='lat' dir='ltr'><strong>intellexerit</strong></span> <span class='ocrx_word' id='word_1_217' title='bbox 379 1735 545 1778; x_wconf 85' lang='lat' dir='ltr'><strong>Origenes</strong></span> <span class='ocrx_word' id='word_1_218' title='bbox 583 1735 835 1775; x_wconf 86' lang='lat' dir='ltr'><strong>necessitatem,</strong></span> <span class='ocrx_word' id='word_1_219' title='bbox 879 1748 978 1780; x_wconf 84' lang='lat' dir='ltr'><strong>quam</strong></span> <span class='ocrx_word' id='word_1_220' title='bbox 1010 1743 1165 1775; x_wconf 85' lang='lat' dir='ltr'><strong>tuentur,</strong></span> <span class='ocrx_word' id='word_1_221' title='bbox 1205 1732 1285 1778; x_wconf 85' lang='lat' dir='ltr'><strong>»qui</strong></span> 
     </span>
     <span class='ocr_line' id='line_1_29' title="bbox 138 1787 1282 1839; baseline -0.003 -9"><span class='ocrx_word' id='word_1_222' title='bbox 138 1799 314 1831; x_wconf 83' lang='lat' dir='ltr'><strong>stellarum</strong></span> <span class='ocrx_word' id='word_1_223' title='bbox 340 1811 493 1838; x_wconf 83' lang='lat' dir='ltr'><strong>cursum,</strong></span> <span class='ocrx_word' id='word_1_224' title='bbox 529 1807 562 1830; x_wconf 85' lang='lat' dir='ltr'><strong>et</strong></span> <span class='ocrx_word' id='word_1_225' title='bbox 586 1808 715 1839; x_wconf 79' lang='lat' dir='ltr'><strong>motus,</strong></span> <span class='ocrx_word' id='word_1_226' title='bbox 741 1787 889 1831; x_wconf 77' lang='lat' dir='ltr'><strong>caussam</strong></span> <span class='ocrx_word' id='word_1_227' title='bbox 915 1797 1032 1830; x_wconf 85' lang='lat' dir='ltr'><strong>dicunt</strong></span> <span class='ocrx_word' id='word_1_228' title='bbox 1055 1796 1282 1828; x_wconf 85' lang='lat' dir='ltr'><strong>humanorum</strong></span> 
     </span>
     <span class='ocr_line' id='line_1_30' title="bbox 137 1857 1281 1902; baseline -0.003 -10"><span class='ocrx_word' id='word_1_229' title='bbox 137 1874 208 1893; x_wconf 82' lang='lat' dir='ltr'><strong>esse</strong></span> <span class='ocrx_word' id='word_1_230' title='bbox 241 1869 459 1902; x_wconf 71' lang='lat' dir='ltr'><strong>gestorumzu</strong></span> <span class='ocrx_word' id='word_1_231' title='bbox 495 1874 563 1892; x_wconf 86' lang='lat' dir='ltr'><strong>non</strong></span> <span class='ocrx_word' id='word_1_232' title='bbox 588 1870 764 1902; x_wconf 82' lang='lat' dir='ltr'><strong>cogentem</strong></span> <span class='ocrx_word' id='word_1_233' title='bbox 789 1869 901 1892; x_wconf 87' lang='lat' dir='ltr'><strong>autem</strong></span> <span class='ocrx_word' id='word_1_234' title='bbox 925 1858 1179 1898; x_wconf 84' lang='lat' dir='ltr'><strong>necessitatem,</strong></span> <span class='ocrx_word' id='word_1_235' title='bbox 1220 1857 1281 1890; x_wconf 86' lang='lat' dir='ltr'><strong>sed</strong></span> 
     </span>
    </p>
   </div>
   <div class='ocr_carea' id='block_1_3' title="bbox 133 1921 1278 1967">
    <p class='ocr_par' dir='ltr' id='par_1_4' title="bbox 133 1921 1278 1967">
     <span class='ocr_line' id='line_1_31' title="bbox 133 1921 1278 1967; baseline -0.002 -13"><span class='ocrx_word' id='word_1_236' title='bbox 133 1923 323 1967; x_wconf 75' lang='lat' dir='ltr'><strong>simplicem</strong></span> <span class='ocrx_word' id='word_1_237' title='bbox 351 1932 385 1955; x_wconf 85' lang='lat' dir='ltr'><strong>et</strong></span> <span class='ocrx_word' id='word_1_238' title='bbox 408 1923 632 1955; x_wconf 78' lang='lat' dir='ltr'><strong>voluntariam</strong></span> <span class='ocrx_word' id='word_1_239' title='bbox 648 1923 779 1955; x_wconf 84' lang='lat' dir='ltr'><strong>actibus</strong></span> <span class='ocrx_word' id='word_1_240' title='bbox 797 1921 949 1954; x_wconf 82' lang='lat' dir='ltr'><strong>humanis</strong></span> <span class='ocrx_word' id='word_1_241' title='bbox 968 1921 1157 1954; x_wconf 82' lang='lat' dir='ltr'><strong>inserebant</strong></span> <span class='ocrx_word' id='word_1_242' title='bbox 1170 1928 1278 1953; x_wconf 82' lang='lat' dir='ltr'><strong>astro-</strong></span> 
     </span>
    </p>
   </div>
   <div class='ocr_carea' id='block_1_4' title="bbox 226 2068 1271 2283">
    <p class='ocr_par' dir='ltr' id='par_1_5' title="bbox 233 2068 891 2112">
     <span class='ocr_line' id='line_1_32' title="bbox 233 2068 891 2112; baseline 0.002 -13"><span class='ocrx_word' id='word_1_243' title='bbox 233 2069 264 2112; x_wconf 91' lang='lat'><strong>¹)</strong></span> <span class='ocrx_word' id='word_1_244' title='bbox 290 2069 397 2100; x_wconf 67' lang='lat' dir='ltr'><strong>Deest</strong></span> <span class='ocrx_word' id='word_1_245' title='bbox 425 2068 657 2101; x_wconf 74' lang='lat' dir='ltr'><strong>»definitum«</strong></span> <span class='ocrx_word' id='word_1_246' title='bbox 687 2069 718 2101; x_wconf 85' lang='lat' dir='ltr'><strong>in</strong></span> <span class='ocrx_word' id='word_1_247' title='bbox 745 2069 822 2101; x_wconf 77' lang='lat' dir='ltr'>cdd.</span> <span class='ocrx_word' id='word_1_248' title='bbox 850 2068 891 2100; x_wconf 88' lang='grc' dir='ltr'><strong>Π.</strong></span> 
     </span>
    </p>

    <p class='ocr_par' dir='ltr' id='par_1_6' title="bbox 229 2123 836 2168">
     <span class='ocr_line' id='line_1_33' title="bbox 229 2123 836 2168; baseline 0.002 -13"><span class='ocrx_word' id='word_1_249' title='bbox 229 2125 262 2168; x_wconf 78' lang='lat'><strong>²)</strong></span> <span class='ocrx_word' id='word_1_250' title='bbox 287 2123 378 2158; x_wconf 79' lang='lat' dir='ltr'>Edd.</span> <span class='ocrx_word' id='word_1_251' title='bbox 406 2125 538 2157; x_wconf 80' lang='lat' dir='ltr'><strong>Huctii:</strong></span> <span class='ocrx_word' id='word_1_252' title='bbox 565 2125 836 2157; x_wconf 63' lang='lat' dir='ltr'><strong>»rationalem«</strong></span> 
     </span>
    </p>

    <p class='ocr_par' dir='ltr' id='par_1_7' title="bbox 226 2181 813 2224">
     <span class='ocr_line' id='line_1_34' title="bbox 226 2181 813 2224; baseline 0.005 -12"><span class='ocrx_word' id='word_1_253' title='bbox 226 2181 261 2224; x_wconf 81' lang='lat'><strong>³)</strong></span> <span class='ocrx_word' id='word_1_254' title='bbox 286 2181 393 2212; x_wconf 86' lang='lat' dir='ltr'><strong>Deest</strong></span> <span class='ocrx_word' id='word_1_255' title='bbox 422 2194 580 2214; x_wconf 84' lang='lat' dir='ltr'><strong>»onere«</strong></span> <span class='ocrx_word' id='word_1_256' title='bbox 610 2182 642 2213; x_wconf 85' lang='lat' dir='ltr'><strong>in</strong></span> <span class='ocrx_word' id='word_1_257' title='bbox 669 2183 744 2214; x_wconf 83' lang='lat' dir='ltr'><strong>edd.</strong></span> <span class='ocrx_word' id='word_1_258' title='bbox 771 2182 813 2215; x_wconf 85' lang='lat' dir='ltr'><strong>H.</strong></span> 
     </span>
    </p>

    <p class='ocr_par' dir='ltr' id='par_1_8' title="bbox 228 2236 1271 2283">
     <span class='ocr_line' id='line_1_35' title="bbox 228 2236 1271 2283; baseline -0.002 -13"><span class='ocrx_word' id='word_1_259' title='bbox 228 2237 261 2281; x_wconf 69' lang='lat'><strong>²)</strong></span> <span class='ocrx_word' id='word_1_260' title='bbox 286 2236 374 2270; x_wconf 85' lang='lat' dir='ltr'><strong>Edd.</strong></span> <span class='ocrx_word' id='word_1_261' title='bbox 389 2237 523 2271; x_wconf 86' lang='lat' dir='ltr'><strong>Huetii:</strong></span> <span class='ocrx_word' id='word_1_262' title='bbox 545 2251 694 2278; x_wconf 61' lang='lat' dir='ltr'><strong>munius,</strong></span> <span class='ocrx_word' id='word_1_263' title='bbox 708 2239 864 2281; x_wconf 80' lang='lat' dir='ltr'><strong>instigare</strong></span> <span class='ocrx_word' id='word_1_264' title='bbox 878 2239 1018 2272; x_wconf 79' lang='lat' dir='ltr'><strong>fortasse</strong></span> <span class='ocrx_word' id='word_1_265' title='bbox 1032 2246 1192 2283; x_wconf 83' lang='lat' dir='ltr'><strong>possunt«</strong></span> <span class='ocrx_word' id='word_1_266' title='bbox 1209 2246 1271 2269; x_wconf 86' lang='lat' dir='ltr'><strong>etc.</strong></span> 
     </span>
    </p>
   </div>
  </div>
 </body>
</html>
