1403 2492
149 83 216 119 152
485 82 599 116 Pam·
624 85 796 117 Dmums
821 83 954 117 Hussrn

150 174 304 207 homines
335 173 369 205 in
402 185 562 218 supremo
597 175 660 207 illo
694 175 926 220 διαδικασμῴ
961 172 1159 220 judicandos
1189 185 1288 214 agno-

151 249 255 270 scere.
305 235 523 279 »Requiritur
546 249 652 276 sane,«
683 236 810 282 inquit,
839 249 875 269 »a
899 236 1113 281 quibusdam,
1139 248 1198 267 cur
1221 234 1291 267 dies

153 298 220 339 hic,
245 298 287 330 de
321 310 389 342 quo
419 297 574 342 superius
610 298 835 331 bibliothecas
866 298 1083 343 propheticas
1113 295 1294 337 movimus,

155 360 190 393 in
214 360 281 393 fine
306 360 425 392 mundi
449 369 591 393 statutus
615 361 675 400 sit,
707 369 745 393 ut
769 373 904 401 omnes,
939 360 997 405 qui
1030 360 1071 393 ab
1102 358 1200 392 initio
1226 370 1297 391 sae-

157 422 225 456 culi
249 434 355 467 usque
379 421 421 454 ad
453 422 555 454 finem
585 423 689 467 ipsius
716 423 867 456 defuncti
891 432 987 463 sunt,
1023 422 1065 455 ad
1098 421 1188 453 hunc
1219 419 1298 452 ulti-

156 497 253 517 mum
277 484 368 530 diem
393 482 563 530 judicandi
588 495 830 518 reserventur.u

250 545 288 579 ll.
320 546 425 577 »Item
452 547 662 580 tractandum
689 557 758 589 est,
790 557 904 579 utrum
928 546 962 579 in
988 541 1067 578 (σεο
1093 546 1226 578 futurus
1251 552 1302 576 est

159 606 345 642 Salvatoris
375 592 538 641 adventus
564 609 595 641 in
613 610 643 654 ¹)
676 610 800 652 gloria,
824 623 863 641 :m
888 609 1029 641 alteram
1054 607 1301 652 expositionem

160 669 324 702 debemus
349 669 534 713 exquirere.
583 671 669 715 Quis
694 670 784 704 enim
807 671 870 703 erit
897 671 992 702 locus
1016 669 1094 709 ille,
1125 679 1163 702 u:
1194 669 1303 713 capiat

159 730 194 764 in
217 744 286 764 uno
311 732 473 775 adspectu
499 742 532 766 et
557 746 674 766 omnes
697 734 835 776 angelos
860 731 1032 765 venientes
1057 745 1132 764 cum
1155 730 1303 771 Christo,

162 802 196 826 et
220 806 338 826 omnes
370 803 483 835 gentes
516 795 588 828 illic
623 794 863 838 congregatas?
902 794 945 827 Et
982 793 1024 826 de
1058 793 1138 826 sede
1176 791 1302 835 gloriae

162 855 233 901 ejus
258 855 341 900 quid
366 865 414 888 est
440 856 647 890 dicendum?
669 857 782 898 Putas,
808 855 987 902 corporale
1011 855 1149 901 aliquod
1174 854 1302 888 subsel-

161 917 248 950 lium
274 919 347 957 erit,
373 931 413 950 au
438 918 538 952 etiam
564 921 630 952 hoc
656 932 741 964 opus
768 917 1170 962 habet-interpretatione
1196 915 1303 949 subti-

162 979 297 1013 liore?«
326 980 419 1012 Haec
443 980 559 1014 scribit
584 981 747 1023 Origenes
772 981 916 1013 Tractat.
942 978 1101 1012 XXXW.
1126 978 1159 1010 in
1183 977 1305 1010 Matth.

162 1054 254 1074 num.
282 1040 354 1081 70.,
387 1043 429 1074 de
461 1042 540 1075 loco
577 1052 610 1075 et
643 1045 749 1076 modo
783 1043 900 1088 judicii
926 1040 1089 1087 postremi
1115 1039 1306 1082 aiubigens;

162 1116 200 1136 ac
225 1104 407 1148 respondet
433 1105 655 1148 postmodum
678 1115 750 1138 tum
776 1105 999 1137 adventurum
1022 1102 1203 1141 Christum,
1229 1114 1305 1134 cum

162 1165 327 1198 universis
353 1165 546 1198 hominibus
570 1179 641 1199 sese
668 1166 940 1209 cognoscendum
966 1165 1079 1203 dabit,
1104 1173 1201 1197 »ante
1227 1176 1308 1196 ocu-

165 1228 217 1260 los
242 1227 364 1260 mentis
391 1239 509 1260 eorum
539 1227 606 1274 jam
638 1241 706 1261 non
738 1228 817 1261 fidei
850 1237 907 1260 aut
940 1227 1133 1269 diligentiae
1165 1225 1306 1270 alicujus

165 1289 385 1335 inquisitione
417 1296 589 1334 repe1⁵tuS‚
619 1292 678 1324 sed
708 1291 815 1336 ipsius
846 1289 1029 1322 divinitatis
1058 1302 1136 1322 suae
1167 1288 1308 1321 manife-

167 1349 313 1385 statione
338 1352 554 1397 praelatust«
583 1361 615 1386 et
642 1360 718 1386 c'um
743 1361 881 1398 peccata
906 1364 965 1384 sua
984 1363 1022 1384 ac
1039 1351 1180 1383 virtutes
1203 1363 1306 1383 unus-

167 1413 309 1458 quisque
346 1413 527 1447 manifesto
566 1415 689 1448 intuitu
721 1413 958 1459 perlustrabit3
989 1422 1088 1458 atque
1130 1424 1171 1445 eo
1207 1420 1307 1456 pacto

168 1485 368 1508 eventurum
393 1476 502 1509 illud:
538 1477 891 1519 ›mCongregabuntur
905 1476 939 1519 ²)
971 1483 1046 1507 ante
1079 1487 1155 1507 eum
1189 1486 1306 1506 ornnes

166 1546 333 1580 gentes.««
385 1538 456 1571 Nec
480 1548 610 1572 certum
635 1539 783 1584 aliquem
807 1537 949 1570 ultimae
971 1537 1050 1569 huic
1071 1535 1308 1580 disceptationi

166 1599 282 1632 locum
296 1600 434 1640 addicit,
457 1601 516 1633 sed
545 1601 730 1646 ›1Ubique‚«
756 1600 878 1645 inquit,
904 1599 1058 1631 »futurus
1077 1607 1127 1630 est
1147 1596 1310 1635 Christus,

170 1671 203 1694 et
227 1663 300 1707 ipse
321 1662 356 1694 in
383 1672 566 1707 conspectu
593 1655 745 1696 oninium
771 1662 834 1695 erit
857 1661 1004 1705 ubique,
1036 1669 1070 1693 et
1094 1672 1210 1692 omnes
1234 1659 1311 1691 'ubis

169 1737 234 1768 que
260 1733 358 1756 erunt
383 1724 416 1757 in
442 1735 625 1769 conspectu
651 1725 774 1770 ipsius;
810 1734 842 1757 et
873 1723 920 1756 sic
953 1722 1201 1755 constituentur
1234 1729 1308 1753 ante

169 1787 289 1818 sedem‘
309 1786 436 1828 gloriae
462 1786 558 1832 ejuss
575 1787 647 1837 ⁸hoc
673 1797 739 1827 est,
764 1783 840 1819 ante
864 1799 1003 1828 regnum
1029 1784 1116 1830 ejus,
1157 1793 1189 1816 et
1214 1791 1311 1827 pote-¹

169 1856 289 1880 statem
315 1848 556 1880 dominationis
581 1849 732 1893 ipsiuszu
767 1858 800 1881 et
823 1849 929 1893 paulo
962 1857 1057 1892 post:
1094 1845 1178 1879 »Sic
1211 1854 1309 1878 erunt

170 1918 246 1942 ante
272 1923 360 1949 eum,
385 1918 423 1941 ut
446 1922 514 1943 nou
550 1911 706 1944 localiter
736 1910 910 1943 audiamus
942 1922 1059 1942 omnes
1091 1918 1204 1951 gentes
1236 1907 1308 1940 lieri

170 1981 245 2004 ante
271 1985 380 2004 eum.«
431 1972 562 2005 Similia
586 1973 753 2018 jactantur
776 1972 851 2005 libr.
876 1972 936 2004 lX.
961 1972 994 2004 in
1021 1971 1116 2016 epist.
1143 1971 1184 2003 ad
1208 1971 1309 2003 Rom.

171 2046 263 2065 num.
289 2034 354 2074 41.,
379 2035 438 2066 ubi
464 2048 480 2066 a
505 2035 606 2067 sacris
629 2034 852 2079 scriptoribus
880 2042 1039 2078 usurpata
1075 2032 1199 2065 dicitur
1221 2030 1310 2076 judi-

173 2094 304 2127 ciorum
329 2095 555 2131 humanorum
579 2099 707 2138 forma,
731 2110 799 2141 quo
825 2096 987 2142 judicium
1013 2095 1099 2128 illud
1124 2103 1309 2127 extremum

272 2224 301 2268 Ι)
327 2224 413 2256 Edd.
439 2222 571 2256 Huetii:
603 2238 618 2251 n
631 2223 662 2254 in
687 2220 868 2264 gloriam.«

267 2281 301 2323 ²)
327 2280 396 2314 Cfr.
423 2279 543 2313 Manli.
568 2279 679 2317 XXV,
702 2278 757 2314 32.
