<?xml version="1.0" encoding="UTF-8"?>
<!DOCTYPE html PUBLIC "-//W3C//DTD XHTML 1.0 Transitional//EN"
    "http://www.w3.org/TR/xhtml1/DTD/xhtml1-transitional.dtd">
<html xmlns="http://www.w3.org/1999/xhtml" xml:lang="en" lang="en">
 <head>
  <title>
</title>
<meta http-equiv="Content-Type" content="text/html;charset=utf-8" />
  <meta name='ocr-system' content='tesseract 3.04.00' />
  <meta name='ocr-capabilities' content='ocr_page ocr_carea ocr_par ocr_line ocrx_word'/>
</head>
<body>
  <div class='ocr_page' id='page_1' title='image "./operaomniaquaegr23orig/operaomniaquaegr23orig_0052.png"; bbox 0 0 1403 2492; ppageno 0'>
   <div class='ocr_carea' id='block_1_1' title="bbox 155 26 963 77">
    <p class='ocr_par' dir='ltr' id='par_1_1' title="bbox 155 26 963 77">
     <span class='ocr_line' id='line_1_1' title="bbox 155 26 963 77; baseline 0.006 -6"><span class='ocrx_word' id='word_1_1' title='bbox 155 36 201 72; x_wconf 81' lang='lat'>42</span> <span class='ocrx_word' id='word_1_2' title='bbox 490 39 601 73; x_wconf 68' lang='lat' dir='ltr'>Periti</span> <span class='ocrx_word' id='word_1_3' title='bbox 625 40 796 74; x_wconf 66' lang='lat' dir='ltr'>Dmnzus</span> <span class='ocrx_word' id='word_1_4' title='bbox 829 26 963 77; x_wconf 42' lang='lat' dir='ltr'>llum-1¹1</span> 
     </span>
    </p>
   </div>
   <div class='ocr_carea' id='block_1_2' title="bbox 148 128 1295 2034">
    <p class='ocr_par' dir='ltr' id='par_1_2' title="bbox 151 128 1295 795">
     <span class='ocr_line' id='line_1_2' title="bbox 153 128 1293 176; baseline 0.004 -17"><span class='ocrx_word' id='word_1_5' title='bbox 153 137 206 159; x_wconf 79' lang='lat' dir='ltr'>ter</span> <span class='ocrx_word' id='word_1_6' title='bbox 229 140 247 160; x_wconf 79' lang='lat' dir='ltr'>a</span> <span class='ocrx_word' id='word_1_7' title='bbox 272 128 369 160; x_wconf 88' lang='lat' dir='ltr'>nobis</span> <span class='ocrx_word' id='word_1_8' title='bbox 393 141 494 174; x_wconf 85' lang='lat' dir='ltr'>supra</span> <span class='ocrx_word' id='word_1_9' title='bbox 519 131 753 175; x_wconf 76' lang='lat' dir='ltr'>perstrictum:</span> <span class='ocrx_word' id='word_1_10' title='bbox 777 141 906 164; x_wconf 79' lang='lat' dir='ltr'>mentes</span> <span class='ocrx_word' id='word_1_11' title='bbox 923 143 1057 176; x_wconf 80' lang='lat' dir='ltr'>nempe,</span> <span class='ocrx_word' id='word_1_12' title='bbox 1082 144 1159 165; x_wconf 90' lang='lat' dir='ltr'>cum</span> <span class='ocrx_word' id='word_1_13' title='bbox 1179 144 1198 165; x_wconf 75' lang='lat' dir='ltr'>a</span> <span class='ocrx_word' id='word_1_14' title='bbox 1214 131 1293 164; x_wconf 87' lang='lat' dir='ltr'>Deo</span> 
     </span>
     <span class='ocr_line' id='line_1_3' title="bbox 153 191 1291 235; baseline 0.004 -14"><span class='ocrx_word' id='word_1_15' title='bbox 153 199 435 234; x_wconf 77' lang='lat' dir='ltr'>procrearentur,</span> <span class='ocrx_word' id='word_1_16' title='bbox 468 191 576 225; x_wconf 90' lang='lat' dir='ltr'>libero</span> <span class='ocrx_word' id='word_1_17' title='bbox 602 193 702 226; x_wconf 82' lang='lat' dir='ltr'>fuisse</span> <span class='ocrx_word' id='word_1_18' title='bbox 728 193 906 226; x_wconf 77' lang='lat' dir='ltr'>instructas</span> <span class='ocrx_word' id='word_1_19' title='bbox 931 193 1092 235; x_wconf 83' lang='lat' dir='ltr'>arbitrio,</span> <span class='ocrx_word' id='word_1_20' title='bbox 1131 193 1291 226; x_wconf 75' lang='lat' dir='ltr'>facultate</span> 
     </span>
     <span class='ocr_line' id='line_1_4' title="bbox 154 251 1293 300; baseline 0.004 -18"><span class='ocrx_word' id='word_1_21' title='bbox 154 251 317 284; x_wconf 84' lang='lat' dir='ltr'>videlicet</span> <span class='ocrx_word' id='word_1_22' title='bbox 341 253 498 297; x_wconf 82' lang='lat' dir='ltr'>quadam,</span> <span class='ocrx_word' id='word_1_23' title='bbox 523 255 576 287; x_wconf 85' lang='lat' dir='ltr'>vel</span> <span class='ocrx_word' id='word_1_24' title='bbox 601 256 831 300; x_wconf 85' lang='lat' dir='ltr'>prosequendi</span> <span class='ocrx_word' id='word_1_25' title='bbox 857 256 941 296; x_wconf 82' lang='lat' dir='ltr'>vitii,</span> <span class='ocrx_word' id='word_1_26' title='bbox 966 255 1019 289; x_wconf 87' lang='lat' dir='ltr'>vel</span> <span class='ocrx_word' id='word_1_27' title='bbox 1039 254 1293 300; x_wconf 78' lang='lat' dir='ltr'><strong>amplectendae</strong></span> 
     </span>
     <span class='ocr_line' id='line_1_5' title="bbox 154 314 1288 363; baseline 0.004 -17"><span class='ocrx_word' id='word_1_28' title='bbox 154 314 302 347; x_wconf 78' lang='lat' dir='ltr'>virtutis:</span> <span class='ocrx_word' id='word_1_29' title='bbox 329 328 395 360; x_wconf 85' lang='lat' dir='ltr'>qua</span> <span class='ocrx_word' id='word_1_30' title='bbox 419 325 523 360; x_wconf 90' lang='lat' dir='ltr'>prout</span> <span class='ocrx_word' id='word_1_31' title='bbox 546 330 624 349; x_wconf 88' lang='lat' dir='ltr'>usae</span> <span class='ocrx_word' id='word_1_32' title='bbox 649 327 744 358; x_wconf 88' lang='lat' dir='ltr'>sunt,</span> <span class='ocrx_word' id='word_1_33' title='bbox 780 318 826 351; x_wconf 85' lang='lat' dir='ltr'>ita</span> <span class='ocrx_word' id='word_1_34' title='bbox 857 318 911 351; x_wconf 78' lang='lat' dir='ltr'>vel</span> <span class='ocrx_word' id='word_1_35' title='bbox 936 319 978 351; x_wconf 84' lang='lat' dir='ltr'>ad</span> <span class='ocrx_word' id='word_1_36' title='bbox 1002 317 1193 363; x_wconf 75' lang='lat' dir='ltr'>superiores</span> <span class='ocrx_word' id='word_1_37' title='bbox 1219 329 1288 350; x_wconf 79' lang='lat' dir='ltr'>eva·</span> 
     </span>
     <span class='ocr_line' id='line_1_6' title="bbox 153 376 1287 426; baseline 0.004 -18"><span class='ocrx_word' id='word_1_38' title='bbox 153 376 232 409; x_wconf 89' lang='lat' dir='ltr'>sisse</span> <span class='ocrx_word' id='word_1_39' title='bbox 258 377 405 418; x_wconf 79' lang='lat' dir='ltr'>ordines,</span> <span class='ocrx_word' id='word_1_40' title='bbox 429 377 484 410; x_wconf 73' lang='lat' dir='ltr'>vel</span> <span class='ocrx_word' id='word_1_41' title='bbox 508 379 550 410; x_wconf 87' lang='lat' dir='ltr'>ad</span> <span class='ocrx_word' id='word_1_42' title='bbox 575 377 753 412; x_wconf 86' lang='lat' dir='ltr'>inferiores</span> <span class='ocrx_word' id='word_1_43' title='bbox 778 392 848 413; x_wconf 88' lang='lat' dir='ltr'>esse</span> <span class='ocrx_word' id='word_1_44' title='bbox 874 381 1085 422; x_wconf 85' lang='lat' dir='ltr'>deturbatas;</span> <span class='ocrx_word' id='word_1_45' title='bbox 1110 391 1287 426; x_wconf 89' lang='lat' dir='ltr'>quemcun-</span> 
     </span>
     <span class='ocr_line' id='line_1_7' title="bbox 153 439 1294 484; baseline 0.004 -14"><span class='ocrx_word' id='word_1_46' title='bbox 153 451 218 483; x_wconf 90' lang='lat' dir='ltr'>que</span> <span class='ocrx_word' id='word_1_47' title='bbox 244 447 357 472; x_wconf 88' lang='lat' dir='ltr'>autem</span> <span class='ocrx_word' id='word_1_48' title='bbox 380 440 521 484; x_wconf 75' lang='lat' dir='ltr'><strong>adeptae</strong></span> <span class='ocrx_word' id='word_1_49' title='bbox 545 439 612 472; x_wconf 85' lang='lat' dir='ltr'>sint</span> <span class='ocrx_word' id='word_1_50' title='bbox 635 450 770 482; x_wconf 85' lang='lat' dir='ltr'>statum,</span> <span class='ocrx_word' id='word_1_51' title='bbox 794 442 902 474; x_wconf 81' lang='lat' dir='ltr'>nihilo</span> <span class='ocrx_word' id='word_1_52' title='bbox 926 442 1033 475; x_wconf 88' lang='lat' dir='ltr'>secius</span> <span class='ocrx_word' id='word_1_53' title='bbox 1048 442 1166 474; x_wconf 81' lang='lat' dir='ltr'>eadem</span> <span class='ocrx_word' id='word_1_54' title='bbox 1179 441 1294 474; x_wconf 82' lang='lat' dir='ltr'>fruen-</span> 
     </span>
     <span class='ocr_line' id='line_1_8' title="bbox 153 498 1294 548; baseline 0.004 -15"><span class='ocrx_word' id='word_1_55' title='bbox 153 509 202 533; x_wconf 86' lang='lat' dir='ltr'>tes</span> <span class='ocrx_word' id='word_1_56' title='bbox 226 510 406 545; x_wconf 76' lang='lat' dir='ltr'><strong>potestate,</strong></span> <span class='ocrx_word' id='word_1_57' title='bbox 432 502 484 534; x_wconf 83' lang='lat' dir='ltr'>vel</span> <span class='ocrx_word' id='word_1_58' title='bbox 510 512 613 542; x_wconf 87' lang='lat' dir='ltr'>recte,</span> <span class='ocrx_word' id='word_1_59' title='bbox 637 498 690 534; x_wconf 72' lang='lat' dir='ltr'>vel</span> <span class='ocrx_word' id='word_1_60' title='bbox 714 504 801 536; x_wconf 92' lang='lat' dir='ltr'>male</span> <span class='ocrx_word' id='word_1_61' title='bbox 826 517 889 548; x_wconf 87' lang='lat' dir='ltr'>pro</span> <span class='ocrx_word' id='word_1_62' title='bbox 914 504 1014 537; x_wconf 81' lang='lat' dir='ltr'>libitu</span> <span class='ocrx_word' id='word_1_63' title='bbox 1039 517 1146 546; x_wconf 76' lang='lat' dir='ltr'>agere,</span> <span class='ocrx_word' id='word_1_64' title='bbox 1171 516 1209 537; x_wconf 79' lang='lat' dir='ltr'>ac</span> <span class='ocrx_word' id='word_1_65' title='bbox 1232 516 1294 536; x_wconf 88' lang='lat' dir='ltr'>no-</span> 
     </span>
     <span class='ocr_line' id='line_1_9' title="bbox 155 562 1295 611; baseline 0.004 -17"><span class='ocrx_word' id='word_1_66' title='bbox 155 562 205 595; x_wconf 77' lang='lat' dir='ltr'>vis</span> <span class='ocrx_word' id='word_1_67' title='bbox 229 563 374 607; x_wconf 87' lang='lat' dir='ltr'>proinde</span> <span class='ocrx_word' id='word_1_68' title='bbox 400 564 456 596; x_wconf 80' lang='lat' dir='ltr'>vel</span> <span class='ocrx_word' id='word_1_69' title='bbox 482 564 828 605; x_wconf 74' lang='lat' dir='ltr'>remunerationibus,</span> <span class='ocrx_word' id='word_1_70' title='bbox 867 566 921 598; x_wconf 73' lang='lat' dir='ltr'>vel</span> <span class='ocrx_word' id='word_1_71' title='bbox 944 566 1065 611; x_wconf 85' lang='lat' dir='ltr'>poenis</span> <span class='ocrx_word' id='word_1_72' title='bbox 1091 577 1161 598; x_wconf 89' lang='lat' dir='ltr'>esse</span> <span class='ocrx_word' id='word_1_73' title='bbox 1186 565 1295 598; x_wconf 88' lang='lat' dir='ltr'>obno-</span> 
     </span>
     <span class='ocr_line' id='line_1_10' title="bbox 152 624 1295 671; baseline 0.003 -15"><span class='ocrx_word' id='word_1_74' title='bbox 152 624 240 667; x_wconf 81' lang='lat' dir='ltr'>xias3</span> <span class='ocrx_word' id='word_1_75' title='bbox 262 638 325 658; x_wconf 85' lang='lat' dir='ltr'>nec</span> <span class='ocrx_word' id='word_1_76' title='bbox 350 624 501 658; x_wconf 85' lang='lat' dir='ltr'>futurum</span> <span class='ocrx_word' id='word_1_77' title='bbox 526 639 689 671; x_wconf 89' lang='lat' dir='ltr'>unquam,</span> <span class='ocrx_word' id='word_1_78' title='bbox 714 635 752 659; x_wconf 90' lang='lat' dir='ltr'>ut</span> <span class='ocrx_word' id='word_1_79' title='bbox 773 626 827 659; x_wconf 81' lang='lat' dir='ltr'>vel</span> <span class='ocrx_word' id='word_1_80' title='bbox 852 626 993 659; x_wconf 77' lang='lat' dir='ltr'>facultas</span> <span class='ocrx_word' id='word_1_81' title='bbox 1018 627 1086 666; x_wconf 83' lang='lat' dir='ltr'>illa,</span> <span class='ocrx_word' id='word_1_82' title='bbox 1110 627 1164 660; x_wconf 89' lang='lat' dir='ltr'>vel</span> <span class='ocrx_word' id='word_1_83' title='bbox 1188 627 1295 661; x_wconf 83' lang='lat' dir='ltr'>facul-</span> 
     </span>
     <span class='ocr_line' id='line_1_11' title="bbox 151 682 1294 735; baseline 0.003 -17"><span class='ocrx_word' id='word_1_84' title='bbox 151 687 228 719; x_wconf 85' lang='lat' dir='ltr'>tatis</span> <span class='ocrx_word' id='word_1_85' title='bbox 252 700 330 719; x_wconf 87' lang='lat' dir='ltr'>usus</span> <span class='ocrx_word' id='word_1_86' title='bbox 356 686 390 719; x_wconf 86' lang='lat' dir='ltr'>in</span> <span class='ocrx_word' id='word_1_87' title='bbox 415 687 534 721; x_wconf 90' lang='lat' dir='ltr'>animis</span> <span class='ocrx_word' id='word_1_88' title='bbox 559 688 750 728; x_wconf 84' lang='lat' dir='ltr'>intercidat,</span> <span class='ocrx_word' id='word_1_89' title='bbox 775 682 856 720; x_wconf 68' lang='lat' dir='ltr'>lice&#39;t</span> <span class='ocrx_word' id='word_1_90' title='bbox 879 687 933 720; x_wconf 82' lang='lat' dir='ltr'>vel</span> <span class='ocrx_word' id='word_1_91' title='bbox 959 689 1114 731; x_wconf 83' lang='lat' dir='ltr'>caritate,</span> <span class='ocrx_word' id='word_1_92' title='bbox 1138 689 1192 722; x_wconf 77' lang='lat' dir='ltr'>vel</span> <span class='ocrx_word' id='word_1_93' title='bbox 1215 702 1294 735; x_wconf 86' lang='lat' dir='ltr'>per-</span> 
     </span>
     <span class='ocr_line' id='line_1_12' title="bbox 151 748 1144 795; baseline 0.003 -14"><span class='ocrx_word' id='word_1_94' title='bbox 151 748 273 781; x_wconf 86' lang='lat' dir='ltr'>tinacia</span> <span class='ocrx_word' id='word_1_95' title='bbox 298 762 317 781; x_wconf 89' lang='lat' dir='ltr'>a</span> <span class='ocrx_word' id='word_1_96' title='bbox 341 749 438 782; x_wconf 85' lang='lat' dir='ltr'>malis</span> <span class='ocrx_word' id='word_1_97' title='bbox 463 749 606 782; x_wconf 82' lang='lat' dir='ltr'>bonisve</span> <span class='ocrx_word' id='word_1_98' title='bbox 630 762 874 795; x_wconf 80' lang='lat' dir='ltr'>nonnunquam</span> <span class='ocrx_word' id='word_1_99' title='bbox 899 751 1144 785; x_wconf 70' lang='lat' dir='ltr'>abstrahantur.</span> 
     </span>
    </p>

    <p class='ocr_par' dir='ltr' id='par_1_3' title="bbox 148 811 1295 2034">
     <span class='ocr_line' id='line_1_13' title="bbox 244 811 1294 857; baseline 0.003 -14"><span class='ocrx_word' id='word_1_100' title='bbox 244 811 342 854; x_wconf 83' lang='lat' dir='ltr'>Quae</span> <span class='ocrx_word' id='word_1_101' title='bbox 374 825 451 844; x_wconf 93' lang='lat' dir='ltr'>cum</span> <span class='ocrx_word' id='word_1_102' title='bbox 483 812 718 856; x_wconf 85' lang='lat' dir='ltr'>perfunctorie</span> <span class='ocrx_word' id='word_1_103' title='bbox 754 825 854 857; x_wconf 87' lang='lat' dir='ltr'>supra</span> <span class='ocrx_word' id='word_1_104' title='bbox 892 812 1170 854; x_wconf 79' lang='lat' dir='ltr'>delibaverimus‚</span> <span class='ocrx_word' id='word_1_105' title='bbox 1203 826 1294 846; x_wconf 88' lang='lat' dir='ltr'>nunc</span> 
     </span>
     <span class='ocr_line' id='line_1_14' title="bbox 152 872 1295 918; baseline 0.003 -14"><span class='ocrx_word' id='word_1_106' title='bbox 152 872 359 905; x_wconf 82' lang='lat' dir='ltr'>enucleatius</span> <span class='ocrx_word' id='word_1_107' title='bbox 383 874 560 906; x_wconf 84' lang='lat' dir='ltr'>reseranda</span> <span class='ocrx_word' id='word_1_108' title='bbox 576 874 604 918; x_wconf 87' lang='lat'>¹)</span> <span class='ocrx_word' id='word_1_109' title='bbox 631 874 789 914; x_wconf 83' lang='lat' dir='ltr'>veniunt,</span> <span class='ocrx_word' id='word_1_110' title='bbox 810 883 862 907; x_wconf 70' lang='lat' dir='ltr'>&#39;et</span> <span class='ocrx_word' id='word_1_111' title='bbox 892 876 1028 907; x_wconf 84' lang='lat' dir='ltr'>attentis</span> <span class='ocrx_word' id='word_1_112' title='bbox 1053 875 1162 908; x_wconf 89' lang='lat' dir='ltr'>oculis</span> <span class='ocrx_word' id='word_1_113' title='bbox 1186 874 1295 908; x_wconf 77' lang='lat' dir='ltr'>intro-</span> 
     </span>
     <span class='ocr_line' id='line_1_15' title="bbox 150 935 1295 984; baseline 0.003 -17"><span class='ocrx_word' id='word_1_114' title='bbox 150 935 343 979; x_wconf 75' lang='lat' dir='ltr'>spicienda3</span> <span class='ocrx_word' id='word_1_115' title='bbox 376 936 675 980; x_wconf 78' lang='lat' dir='ltr'>quaerendumque</span> <span class='ocrx_word' id='word_1_116' title='bbox 707 945 823 984; x_wconf 82' lang='lat' dir='ltr'>utrum</span> <span class='ocrx_word' id='word_1_117' title='bbox 856 936 1048 969; x_wconf 86' lang='lat' dir='ltr'>libertatem</span> <span class='ocrx_word' id='word_1_118' title='bbox 1080 946 1218 970; x_wconf 79' lang='lat' dir='ltr'>naturae</span> <span class='ocrx_word' id='word_1_119' title='bbox 1241 949 1295 969; x_wconf 77' lang='lat' dir='ltr'>ra-</span> 
     </span>
     <span class='ocr_line' id='line_1_16' title="bbox 150 997 1294 1041; baseline 0.002 -12"><span class='ocrx_word' id='word_1_120' title='bbox 150 997 287 1030; x_wconf 83' lang='lat' dir='ltr'>tionalis</span> <span class='ocrx_word' id='word_1_121' title='bbox 311 998 485 1040; x_wconf 72' lang='lat' dir='ltr'>integram,</span> <span class='ocrx_word' id='word_1_122' title='bbox 510 1011 551 1030; x_wconf 91' lang='lat' dir='ltr'>an</span> <span class='ocrx_word' id='word_1_123' title='bbox 576 997 811 1039; x_wconf 82' lang='lat' dir='ltr'>imminutam3</span> <span class='ocrx_word' id='word_1_124' title='bbox 837 1008 950 1031; x_wconf 90' lang='lat' dir='ltr'>utrum</span> <span class='ocrx_word' id='word_1_125' title='bbox 967 998 1046 1031; x_wconf 89' lang='lat' dir='ltr'>ullis</span> <span class='ocrx_word' id='word_1_126' title='bbox 1065 999 1197 1032; x_wconf 77' lang='lat' dir='ltr'>divinae</span> <span class='ocrx_word' id='word_1_127' title='bbox 1220 1011 1294 1041; x_wconf 85' lang='lat' dir='ltr'>gra-</span> 
     </span>
     <span class='ocr_line' id='line_1_17' title="bbox 150 1058 1294 1105; baseline 0.003 -14"><span class='ocrx_word' id='word_1_128' title='bbox 150 1059 218 1092; x_wconf 81' lang='lat' dir='ltr'>tiae</span> <span class='ocrx_word' id='word_1_129' title='bbox 243 1059 373 1092; x_wconf 76' lang='lat' dir='ltr'>auxiliis</span> <span class='ocrx_word' id='word_1_130' title='bbox 397 1059 548 1101; x_wconf 81' lang='lat' dir='ltr'>indigere</span> <span class='ocrx_word' id='word_1_131' title='bbox 573 1059 680 1100; x_wconf 84' lang='lat' dir='ltr'>illam,</span> <span class='ocrx_word' id='word_1_132' title='bbox 706 1069 739 1092; x_wconf 86' lang='lat' dir='ltr'>et</span> <span class='ocrx_word' id='word_1_133' title='bbox 763 1058 887 1105; x_wconf 80' lang='lat' dir='ltr'>juvari;</span> <span class='ocrx_word' id='word_1_134' title='bbox 917 1073 1053 1105; x_wconf 86' lang='lat' dir='ltr'>quoque</span> <span class='ocrx_word' id='word_1_135' title='bbox 1077 1061 1184 1093; x_wconf 88' lang='lat' dir='ltr'>modo</span> <span class='ocrx_word' id='word_1_136' title='bbox 1211 1074 1294 1094; x_wconf 89' lang='lat' dir='ltr'>con-</span> 
     </span>
     <span class='ocr_line' id='line_1_18' title="bbox 149 1121 1293 1167; baseline 0.001 -13"><span class='ocrx_word' id='word_1_137' title='bbox 149 1121 281 1163; x_wconf 79' lang='lat' dir='ltr'>tingere</span> <span class='ocrx_word' id='word_1_138' title='bbox 306 1122 372 1154; x_wconf 86' lang='lat' dir='ltr'>hoc</span> <span class='ocrx_word' id='word_1_139' title='bbox 403 1122 583 1154; x_wconf 79' lang='lat' dir='ltr'>arbitratus</span> <span class='ocrx_word' id='word_1_140' title='bbox 608 1121 660 1155; x_wconf 80' lang='lat' dir='ltr'>sit.</span> <span class='ocrx_word' id='word_1_141' title='bbox 717 1121 829 1154; x_wconf 82' lang='lat' dir='ltr'>Sensit</span> <span class='ocrx_word' id='word_1_142' title='bbox 860 1121 919 1154; x_wconf 88' lang='lat' dir='ltr'>ille</span> <span class='ocrx_word' id='word_1_143' title='bbox 951 1121 1065 1167; x_wconf 86' lang='lat' dir='ltr'>itaque</span> <span class='ocrx_word' id='word_1_144' title='bbox 1095 1122 1226 1156; x_wconf 82' lang='lat' dir='ltr'>arbitrii</span> <span class='ocrx_word' id='word_1_145' title='bbox 1251 1122 1293 1155; x_wconf 82' lang='lat' dir='ltr'>li-</span> 
     </span>
     <span class='ocr_line' id='line_1_19' title="bbox 149 1183 1293 1228; baseline 0.002 -13"><span class='ocrx_word' id='word_1_146' title='bbox 149 1185 316 1216; x_wconf 80' lang='lat' dir='ltr'>bertatem</span> <span class='ocrx_word' id='word_1_147' title='bbox 352 1183 386 1216; x_wconf 88' lang='lat' dir='ltr'>in</span> <span class='ocrx_word' id='word_1_148' title='bbox 420 1183 631 1215; x_wconf 81' lang='lat' dir='ltr'>indifferenti</span> <span class='ocrx_word' id='word_1_149' title='bbox 663 1184 807 1228; x_wconf 87' lang='lat' dir='ltr'>quadam</span> <span class='ocrx_word' id='word_1_150' title='bbox 831 1184 936 1224; x_wconf 86' lang='lat' dir='ltr'>bene,</span> <span class='ocrx_word' id='word_1_151' title='bbox 968 1184 1022 1217; x_wconf 84' lang='lat' dir='ltr'>vel</span> <span class='ocrx_word' id='word_1_152' title='bbox 1052 1185 1141 1217; x_wconf 87' lang='lat' dir='ltr'>male</span> <span class='ocrx_word' id='word_1_153' title='bbox 1172 1184 1293 1227; x_wconf 83' lang='lat' dir='ltr'>agendi</span> 
     </span>
     <span class='ocr_line' id='line_1_20' title="bbox 150 1245 1293 1288; baseline 0.002 -10"><span class='ocrx_word' id='word_1_154' title='bbox 150 1246 311 1278; x_wconf 78' lang='lat' dir='ltr'>facultate</span> <span class='ocrx_word' id='word_1_155' title='bbox 337 1245 454 1285; x_wconf 85' lang='lat' dir='ltr'>sitam,</span> <span class='ocrx_word' id='word_1_156' title='bbox 487 1254 520 1278; x_wconf 82' lang='lat' dir='ltr'>ct</span> <span class='ocrx_word' id='word_1_157' title='bbox 543 1245 732 1285; x_wconf 87' lang='lat' dir='ltr'>mentibus,</span> <span class='ocrx_word' id='word_1_158' title='bbox 765 1258 844 1277; x_wconf 85' lang='lat' dir='ltr'>mox</span> <span class='ocrx_word' id='word_1_159' title='bbox 875 1254 914 1278; x_wconf 88' lang='lat' dir='ltr'>ut</span> <span class='ocrx_word' id='word_1_160' title='bbox 943 1256 1137 1279; x_wconf 81' lang='lat' dir='ltr'>crearentur</span> <span class='ocrx_word' id='word_1_161' title='bbox 1159 1260 1178 1280; x_wconf 87' lang='lat' dir='ltr'>a</span> <span class='ocrx_word' id='word_1_162' title='bbox 1202 1247 1293 1288; x_wconf 83' lang='lat' dir='ltr'>Deo,</span> 
     </span>
     <span class='ocr_line' id='line_1_21' title="bbox 148 1306 1294 1351; baseline 0.001 -11"><span class='ocrx_word' id='word_1_163' title='bbox 148 1307 311 1347; x_wconf 77' lang='lat' dir='ltr'>inditam,</span> <span class='ocrx_word' id='word_1_164' title='bbox 349 1306 513 1348; x_wconf 84' lang='lat' dir='ltr'>integram</span> <span class='ocrx_word' id='word_1_165' title='bbox 539 1308 679 1351; x_wconf 57' lang='lat' dir='ltr'>‘semper</span> <span class='ocrx_word' id='word_1_166' title='bbox 714 1316 748 1339; x_wconf 85' lang='lat' dir='ltr'>et</span> <span class='ocrx_word' id='word_1_167' title='bbox 778 1316 931 1348; x_wconf 84' lang='lat' dir='ltr'>vegetam</span> <span class='ocrx_word' id='word_1_168' title='bbox 960 1320 1196 1351; x_wconf 84' lang='lat' dir='ltr'>perseverare;</span> <span class='ocrx_word' id='word_1_169' title='bbox 1230 1320 1294 1341; x_wconf 82' lang='lat' dir='ltr'>nec</span> 
     </span>
     <span class='ocr_line' id='line_1_22' title="bbox 150 1368 1293 1413; baseline 0.001 -12"><span class='ocrx_word' id='word_1_170' title='bbox 150 1370 220 1402; x_wconf 90' lang='lat' dir='ltr'>ulla</span> <span class='ocrx_word' id='word_1_171' title='bbox 245 1383 281 1401; x_wconf 85' lang='lat' dir='ltr'>re</span> <span class='ocrx_word' id='word_1_172' title='bbox 307 1369 408 1401; x_wconf 86' lang='lat' dir='ltr'>fuisse</span> <span class='ocrx_word' id='word_1_173' title='bbox 433 1368 667 1408; x_wconf 78' lang='lat' dir='ltr'>imminutam,</span> <span class='ocrx_word' id='word_1_174' title='bbox 698 1369 909 1413; x_wconf 86' lang='lat' dir='ltr'>plenumque</span> <span class='ocrx_word' id='word_1_175' title='bbox 936 1368 1006 1413; x_wconf 77' lang='lat' dir='ltr'>ejus</span> <span class='ocrx_word' id='word_1_176' title='bbox 1030 1381 1128 1401; x_wconf 88' lang='lat' dir='ltr'>usum</span> <span class='ocrx_word' id='word_1_177' title='bbox 1155 1368 1190 1401; x_wconf 82' lang='lat' dir='ltr'>iu</span> <span class='ocrx_word' id='word_1_178' title='bbox 1213 1369 1293 1402; x_wconf 74' lang='lat' dir='ltr'>bea-</span> 
     </span>
     <span class='ocr_line' id='line_1_23' title="bbox 148 1429 1292 1476; baseline -0.001 -12"><span class='ocrx_word' id='word_1_179' title='bbox 148 1431 191 1464; x_wconf 87' lang='lat' dir='ltr'>tis</span> <span class='ocrx_word' id='word_1_180' title='bbox 216 1431 270 1463; x_wconf 85' lang='lat' dir='ltr'>vel</span> <span class='ocrx_word' id='word_1_181' title='bbox 295 1429 458 1463; x_wconf 82' lang='lat' dir='ltr'>damnatis</span> <span class='ocrx_word' id='word_1_182' title='bbox 482 1441 673 1474; x_wconf 82' lang='lat' dir='ltr'>superesse3</span> <span class='ocrx_word' id='word_1_183' title='bbox 696 1430 829 1475; x_wconf 83' lang='lat' dir='ltr'>impelli</span> <span class='ocrx_word' id='word_1_184' title='bbox 855 1430 992 1476; x_wconf 87' lang='lat' dir='ltr'>quidem</span> <span class='ocrx_word' id='word_1_185' title='bbox 1016 1430 1160 1463; x_wconf 85' lang='lat' dir='ltr'>animam</span> <span class='ocrx_word' id='word_1_186' title='bbox 1186 1444 1204 1463; x_wconf 81' lang='lat' dir='ltr'>a</span> <span class='ocrx_word' id='word_1_187' title='bbox 1227 1431 1292 1463; x_wconf 89' lang='lat' dir='ltr'>bo-</span> 
     </span>
     <span class='ocr_line' id='line_1_24' title="bbox 149 1492 1292 1537; baseline -0.001 -11"><span class='ocrx_word' id='word_1_188' title='bbox 149 1494 201 1526; x_wconf 85' lang='lat' dir='ltr'>nis</span> <span class='ocrx_word' id='word_1_189' title='bbox 223 1494 364 1526; x_wconf 75' lang='lat' dir='ltr'>malisve</span> <span class='ocrx_word' id='word_1_190' title='bbox 397 1492 620 1537; x_wconf 81' lang='lat' dir='ltr'>potestatibus</span> <span class='ocrx_word' id='word_1_191' title='bbox 655 1493 697 1525; x_wconf 90' lang='lat' dir='ltr'>ad</span> <span class='ocrx_word' id='word_1_192' title='bbox 729 1492 888 1533; x_wconf 77' lang='lat' dir='ltr'>virtutes,</span> <span class='ocrx_word' id='word_1_193' title='bbox 924 1493 978 1525; x_wconf 78' lang='lat' dir='ltr'>vel</span> <span class='ocrx_word' id='word_1_194' title='bbox 1009 1494 1051 1526; x_wconf 89' lang='lat' dir='ltr'>ad</span> <span class='ocrx_word' id='word_1_195' title='bbox 1084 1493 1183 1535; x_wconf 79' lang='lat' dir='ltr'>vitia;</span> <span class='ocrx_word' id='word_1_196' title='bbox 1216 1493 1292 1535; x_wconf 87' lang='lat' dir='ltr'>cogi</span> 
     </span>
     <span class='ocr_line' id='line_1_25' title="bbox 149 1554 1292 1600; baseline 0 -12"><span class='ocrx_word' id='word_1_197' title='bbox 149 1569 231 1588; x_wconf 86' lang='lat' dir='ltr'>vero</span> <span class='ocrx_word' id='word_1_198' title='bbox 257 1555 464 1600; x_wconf 84' lang='lat' dir='ltr'>neutiquam,</span> <span class='ocrx_word' id='word_1_199' title='bbox 489 1555 543 1587; x_wconf 75' lang='lat' dir='ltr'>vel</span> <span class='ocrx_word' id='word_1_200' title='bbox 567 1555 758 1588; x_wconf 80' lang='lat' dir='ltr'>necessitati</span> <span class='ocrx_word' id='word_1_201' title='bbox 781 1555 882 1588; x_wconf 85' lang='lat' dir='ltr'>alicui</span> <span class='ocrx_word' id='word_1_202' title='bbox 899 1555 1030 1600; x_wconf 76' lang='lat' dir='ltr'>subjici.</span> <span class='ocrx_word' id='word_1_203' title='bbox 1071 1554 1194 1600; x_wconf 83' lang='lat' dir='ltr'>Sparsa</span> <span class='ocrx_word' id='word_1_204' title='bbox 1211 1555 1292 1588; x_wconf 77' lang='lat' dir='ltr'>haec</span> 
     </span>
     <span class='ocr_line' id='line_1_26' title="bbox 149 1616 1292 1662; baseline -0.001 -12"><span class='ocrx_word' id='word_1_205' title='bbox 149 1617 297 1662; x_wconf 84' lang='lat' dir='ltr'>reperies</span> <span class='ocrx_word' id='word_1_206' title='bbox 324 1618 480 1659; x_wconf 74' lang='lat' dir='ltr'>dogmata</span> <span class='ocrx_word' id='word_1_207' title='bbox 506 1617 739 1662; x_wconf 85' lang='lat' dir='ltr'>compluribus</span> <span class='ocrx_word' id='word_1_208' title='bbox 765 1617 861 1657; x_wconf 88' lang='lat' dir='ltr'>locis,</span> <span class='ocrx_word' id='word_1_209' title='bbox 886 1618 944 1650; x_wconf 81' lang='lat' dir='ltr'>sed</span> <span class='ocrx_word' id='word_1_210' title='bbox 964 1617 1073 1662; x_wconf 86' lang='lat' dir='ltr'>capite</span> <span class='ocrx_word' id='word_1_211' title='bbox 1092 1616 1292 1662; x_wconf 84' lang='lat' dir='ltr'>praesertim</span> 
     </span>
     <span class='ocr_line' id='line_1_27' title="bbox 150 1668 1291 1725; baseline -0.001 -13"><span class='ocrx_word' id='word_1_212' title='bbox 150 1679 267 1725; x_wconf 86' lang='lat' dir='ltr'>priore</span> <span class='ocrx_word' id='word_1_213' title='bbox 293 1679 371 1711; x_wconf 84' lang='lat' dir='ltr'>libri</span> <span class='ocrx_word' id='word_1_214' title='bbox 396 1678 427 1714; x_wconf 89' lang='grc'>3.</span> <span class='ocrx_word' id='word_1_215' title='bbox 464 1679 507 1711; x_wconf 87' lang='lat' dir='ltr'>de</span> <span class='ocrx_word' id='word_1_216' title='bbox 539 1668 709 1724; x_wconf 59' lang='lat' dir='ltr'>Princip„</span> <span class='ocrx_word' id='word_1_217' title='bbox 743 1678 777 1712; x_wconf 85' lang='lat' dir='ltr'>in</span> <span class='ocrx_word' id='word_1_218' title='bbox 809 1692 878 1724; x_wconf 86' lang='lat' dir='ltr'>quo</span> <span class='ocrx_word' id='word_1_219' title='bbox 910 1679 1092 1724; x_wconf 79' lang='lat' dir='ltr'>praecipua</span> <span class='ocrx_word' id='word_1_220' title='bbox 1116 1678 1291 1712; x_wconf 80' lang='lat' dir='ltr'>doctrinae</span> 
     </span>
     <span class='ocr_line' id='line_1_28' title="bbox 149 1741 1290 1786; baseline -0.002 -12"><span class='ocrx_word' id='word_1_221' title='bbox 149 1755 228 1774; x_wconf 88' lang='lat' dir='ltr'>suae</span> <span class='ocrx_word' id='word_1_222' title='bbox 254 1742 295 1774; x_wconf 85' lang='lat' dir='ltr'>de</span> <span class='ocrx_word' id='word_1_223' title='bbox 311 1741 467 1773; x_wconf 79' lang='lat' dir='ltr'>libertate</span> <span class='ocrx_word' id='word_1_224' title='bbox 483 1741 614 1773; x_wconf 84' lang='lat' dir='ltr'>arbitrii</span> <span class='ocrx_word' id='word_1_225' title='bbox 628 1741 846 1774; x_wconf 83' lang='lat' dir='ltr'>fundamenta</span> <span class='ocrx_word' id='word_1_226' title='bbox 861 1741 1053 1775; x_wconf 89' lang='lat' dir='ltr'>collocavit.</span> <span class='ocrx_word' id='word_1_227' title='bbox 1093 1741 1143 1774; x_wconf 87' lang='lat' dir='ltr'>lbi</span> <span class='ocrx_word' id='word_1_228' title='bbox 1161 1741 1290 1786; x_wconf 84' lang='lat' dir='ltr'>quippe</span> 
     </span>
     <span class='ocr_line' id='line_1_29' title="bbox 150 1795 1292 1848; baseline -0.001 -12"><span class='ocrx_word' id='word_1_229' title='bbox 150 1803 272 1836; x_wconf 77' lang='lat' dir='ltr'>caussis</span> <span class='ocrx_word' id='word_1_230' title='bbox 298 1803 435 1848; x_wconf 82' lang='lat' dir='ltr'>quidem</span> <span class='ocrx_word' id='word_1_231' title='bbox 462 1802 604 1848; x_wconf 80' lang='lat' dir='ltr'>externis</span> <span class='ocrx_word' id='word_1_232' title='bbox 630 1803 718 1836; x_wconf 87' lang='lat' dir='ltr'>varie</span> <span class='ocrx_word' id='word_1_233' title='bbox 744 1795 876 1847; x_wconf 59' lang='lat' dir='ltr'>impelli</span> <span class='ocrx_word' id='word_1_234' title='bbox 902 1816 964 1835; x_wconf 90' lang='lat' dir='ltr'>nos</span> <span class='ocrx_word' id='word_1_235' title='bbox 989 1812 1022 1835; x_wconf 88' lang='lat' dir='ltr'>et</span> <span class='ocrx_word' id='word_1_236' title='bbox 1042 1802 1204 1835; x_wconf 86' lang='lat' dir='ltr'>concitari</span> <span class='ocrx_word' id='word_1_237' title='bbox 1229 1804 1292 1835; x_wconf 88' lang='lat' dir='ltr'>do-</span> 
     </span>
     <span class='ocr_line' id='line_1_30' title="bbox 150 1865 1290 1908; baseline 0.001 -11"><span class='ocrx_word' id='word_1_238' title='bbox 150 1875 220 1907; x_wconf 78' lang='lat' dir='ltr'>cet3</span> <span class='ocrx_word' id='word_1_239' title='bbox 244 1879 414 1898; x_wconf 82' lang='lat' dir='ltr'>assensum</span> <span class='ocrx_word' id='word_1_240' title='bbox 439 1878 520 1897; x_wconf 75' lang='lat' dir='ltr'>vero</span> <span class='ocrx_word' id='word_1_241' title='bbox 546 1878 564 1898; x_wconf 86' lang='lat' dir='ltr'>a</span> <span class='ocrx_word' id='word_1_242' title='bbox 588 1865 717 1898; x_wconf 85' lang='lat' dir='ltr'>ratione</span> <span class='ocrx_word' id='word_1_243' title='bbox 741 1875 855 1898; x_wconf 78' lang='lat' dir='ltr'>nostra</span> <span class='ocrx_word' id='word_1_244' title='bbox 878 1878 915 1897; x_wconf 84' lang='lat' dir='ltr'>ac</span> <span class='ocrx_word' id='word_1_245' title='bbox 940 1865 1112 1896; x_wconf 76' lang='lat' dir='ltr'>voluntate</span> <span class='ocrx_word' id='word_1_246' title='bbox 1130 1865 1290 1908; x_wconf 78' lang='lat' dir='ltr'>pendere.</span> 
     </span>
     <span class='ocr_line' id='line_1_31' title="bbox 149 1926 1291 1972; baseline 0.002 -14"><span class='ocrx_word' id='word_1_247' title='bbox 149 1928 189 1959; x_wconf 86' lang='lat' dir='ltr'>ld</span> <span class='ocrx_word' id='word_1_248' title='bbox 214 1937 394 1972; x_wconf 75' lang='lat' dir='ltr'>postquam</span> <span class='ocrx_word' id='word_1_249' title='bbox 420 1937 558 1960; x_wconf 82' lang='lat' dir='ltr'>naturae</span> <span class='ocrx_word' id='word_1_250' title='bbox 583 1927 686 1972; x_wconf 81' lang='lat' dir='ltr'>ipsius</span> <span class='ocrx_word' id='word_1_251' title='bbox 706 1926 906 1959; x_wconf 76' lang='lat' dir='ltr'>auctoritate</span> <span class='ocrx_word' id='word_1_252' title='bbox 922 1927 1175 1966; x_wconf 83' lang='lat' dir='ltr'>demonstravit,</span> <span class='ocrx_word' id='word_1_253' title='bbox 1201 1927 1291 1961; x_wconf 87' lang='lat' dir='ltr'>Scri-</span> 
     </span>
     <span class='ocr_line' id='line_1_32' title="bbox 148 1988 1289 2034; baseline -0.001 -13"><span class='ocrx_word' id='word_1_254' title='bbox 148 1999 268 2034; x_wconf 83' lang='lat' dir='ltr'>pturae</span> <span class='ocrx_word' id='word_1_255' title='bbox 304 2000 437 2022; x_wconf 81' lang='lat' dir='ltr'>sanctae</span> <span class='ocrx_word' id='word_1_256' title='bbox 476 1991 632 2022; x_wconf 87' lang='lat' dir='ltr'>locorum</span> <span class='ocrx_word' id='word_1_257' title='bbox 681 1989 836 2031; x_wconf 76' lang='lat' dir='ltr'>congerie</span> <span class='ocrx_word' id='word_1_258' title='bbox 877 1989 1062 2034; x_wconf 82' lang='lat' dir='ltr'>multiplici</span> <span class='ocrx_word' id='word_1_259' title='bbox 1102 1988 1289 2021; x_wconf 81' lang='lat' dir='ltr'>confirmat.</span> 
     </span>
    </p>
   </div>
   <div class='ocr_carea' id='block_1_3' title="bbox 151 2050 1291 2097">
    <p class='ocr_par' dir='ltr' id='par_1_4' title="bbox 151 2050 1291 2097">
     <span class='ocr_line' id='line_1_33' title="bbox 151 2050 1291 2097; baseline 0 -14"><span class='ocrx_word' id='word_1_260' title='bbox 151 2051 240 2083; x_wconf 87' lang='lat' dir='ltr'>Tum</span> <span class='ocrx_word' id='word_1_261' title='bbox 266 2052 372 2096; x_wconf 82' lang='lat' dir='ltr'>petita</span> <span class='ocrx_word' id='word_1_262' title='bbox 397 2052 548 2085; x_wconf 87' lang='lat' dir='ltr'>indidem</span> <span class='ocrx_word' id='word_1_263' title='bbox 580 2051 668 2095; x_wconf 82' lang='lat' dir='ltr'>ad²)</span> <span class='ocrx_word' id='word_1_264' title='bbox 701 2051 964 2097; x_wconf 75' lang='lat' dir='ltr'>impugnandam</span> <span class='ocrx_word' id='word_1_265' title='bbox 996 2050 1126 2084; x_wconf 81' lang='lat' dir='ltr'>arbitrii</span> <span class='ocrx_word' id='word_1_266' title='bbox 1156 2051 1291 2084; x_wconf 79' lang='lat' dir='ltr'>liberta-</span> 
     </span>
    </p>
   </div>
   <div class='ocr_carea' id='block_1_4' title="bbox 154 2135 273 2140">
    <p class='ocr_par' dir='ltr' id='par_1_5' title="bbox 154 2135 273 2140">
     <span class='ocr_line' id='line_1_34' title="bbox 154 2135 273 2140; baseline 0 0"><span class='ocrx_word' id='word_1_267' title='bbox 154 2135 273 2140; x_wconf 95' lang='lat' dir='ltr'> </span> 
     </span>
    </p>
   </div>
   <div class='ocr_carea' id='block_1_5' title="bbox 245 2186 826 2288">
    <p class='ocr_par' dir='ltr' id='par_1_6' title="bbox 245 2186 826 2288">
     <span class='ocr_line' id='line_1_35' title="bbox 248 2186 826 2230; baseline 0.003 -12"><span class='ocrx_word' id='word_1_268' title='bbox 248 2187 279 2230; x_wconf 87' lang='lat'>¹)</span> <span class='ocrx_word' id='word_1_269' title='bbox 305 2186 390 2219; x_wconf 81' lang='lat' dir='ltr'>Edd.</span> <span class='ocrx_word' id='word_1_270' title='bbox 417 2186 552 2219; x_wconf 75' lang='lat' dir='ltr'>Ilm-tii:</span> <span class='ocrx_word' id='word_1_271' title='bbox 581 2187 826 2220; x_wconf 42' lang='lat' dir='ltr'>»rest-cauda«</span> 
     </span>
     <span class='ocr_line' id='line_1_36' title="bbox 245 2243 680 2288; baseline -0.002 -12"><span class='ocrx_word' id='word_1_272' title='bbox 245 2244 278 2288; x_wconf 83' lang='lat'>²)</span> <span class='ocrx_word' id='word_1_273' title='bbox 305 2243 391 2276; x_wconf 79' lang='lat' dir='ltr'>Edd.</span> <span class='ocrx_word' id='word_1_274' title='bbox 417 2243 551 2277; x_wconf 75' lang='lat' dir='ltr'>lluctii:</span> <span class='ocrx_word' id='word_1_275' title='bbox 579 2256 680 2277; x_wconf 52' lang='lat' dir='ltr'>»aa«</span> 
     </span>
    </p>
   </div>
  </div>
 </body>
</html>
