1403 2492
406 74 716 108 Omermmoaum
738 74 854 107 ana
878 74 919 108 Π.
1174 76 1220 112 23

172 163 251 196 ΧΠ.
286 165 357 196 Nec
387 163 542 206 Origenis
571 163 676 196 modo
702 163 930 208 temporibus,
968 163 1028 197 ned
1050 163 1217 197 recentio-

83 225 173 258 ribus
205 225 304 258 etiam
336 226 461 258 incerta
493 225 558 258 suit
588 226 622 258 in
655 225 797 259 ecclesia
828 226 957 259 animae
982 225 1077 268 origo
1103 235 1136 258 et
1159 239 1216 259 na-

81 297 165 320 tura.
218 288 337 320 Aetate
368 286 504 332 quidem
535 300 594 320 sua
626 287 755 321 diversa
779 287 918 320 sensisse
951 287 993 320 de
1017 286 1127 320 anima
1148 287 1215 320 Ee·

81 348 282 382 clesiasticos
307 361 424 381 ornnes
445 348 562 381 scribit
585 349 782 394 Pamphilus
805 349 838 382 in
863 349 1043 394 Apologia.
1090 349 1213 382 Hiero-

77 425 196 457 nymus
220 410 351 455 epistol.
375 409 430 444 82.
464 410 694 453 quaestionem
719 410 782 443 sibi
806 423 908 456 super
931 411 1060 444 animae
1083 420 1169 444 statu
1193 423 1214 443 α

74 472 278 505 Marceliino
310 481 344 504 et
366 471 576 518 Anapsychia
601 472 811 517 propositam
842 471 978 512 recitat,
1009 486 1048 505 ex
1072 486 1137 517 qua
1160 472 1211 505 in-

75 534 224 576 telligas,
250 534 380 579 quantis
403 533 550 566 tenebris
574 533 680 566 fuerit
701 544 782 567 tunc
805 533 970 579 temporis
995 533 1211 566 circumsessa

75 596 225 640 quaestio
250 595 292 627 de
315 595 442 628 anima:
478 596 610 639 »Super
639 595 768 628 animae
798 605 926 636 statu‚«
960 594 1088 640 inquit,
1120 607 1209 626 »me-

75 657 158 690 mini
187 665 313 690 vestrae
347 656 638 702 quaestiunculae,
672 657 742 690 imo
781 658 925 690 maxime
961 656 1208 689 ecclesiasticae

74 718 294 763 quaestionis:
318 728 430 751 utrum
455 719 546 763 lapsa
570 721 613 753 de
639 720 738 752 coelo
763 719 823 759 sit,
849 729 886 751 ut
903 719 1107 766 Pythagoras
1132 717 1207 762 phi-

72 780 253 824 losophus,
278 792 461 824 omnesque
485 781 674 821 Platonici,
707 790 740 813 et
764 781 929 823 Origenes
951 789 1090 825 putant;
1122 792 1164 811 an
1187 792 1207 811 a

71 841 209 886 propria
232 842 299 875 Dei
322 841 522 881 substantia,
545 851 583 874 ut
607 842 733 883 Stoici,
763 842 997 883 Manichacus,
1029 851 1062 875 et
1084 841 1206 886 Hispa-

69 903 144 936 niae
167 903 371 937 Priscilliani
394 904 546 937 haereses
568 904 796 949 suspicantur;
831 918 871 937 an
901 904 936 937 in
967 905 1124 937 thesauro
1150 904 1206 936 ha-

68 966 210 998 beantur
232 966 299 998 Dei
323 966 407 998 olim
433 966 608 1006 conditae,
632 975 670 999 ut
694 966 829 1011 quidam
852 965 1081 999 Ecclesiastici
1103 965 1206 998 stulta

69 1027 285 1072 persuasione
320 1029 510 1061 confidunt:
547 1041 588 1060 an
613 1028 766 1073 quotidie
790 1041 809 1062 a
832 1029 910 1062 Deo
934 1029 1033 1068 fiant,
1068 1037 1101 1060 et
1126 1026 1205 1058 mit-

68 1098 182 1122 tantur
210 1089 244 1122 in
280 1103 443 1135 corpora,
477 1091 664 1122 secundum
687 1090 794 1131 illud,
832 1092 926 1135 quod
958 1090 993 1123 in
1016 1088 1203 1130 Evangelio

67 1151 229 1196 scriptum
263 1161 328 1184 est:
363 1151 505 1184 „»Pater
524 1151 555 1195 ¹)
585 1164 680 1183 meus
713 1165 819 1196 usque
842 1152 949 1185 modo
975 1159 1146 1195 operatur,
1170 1157 1203 1180 et

70 1226 132 1254 ego
172 1225 364 1256 operorut«
401 1225 443 1244 an
480 1221 570 1244 certe
614 1225 653 1244 ex
689 1214 847 1252 traduce,
886 1222 925 1245 ut
960 1211 1202 1248 Tertullianus,

67 1274 319 1318 Apollinarius,
358 1282 391 1306 et
422 1273 565 1305 maxima
595 1287 671 1318 pars
703 1273 976 1308 Occidentalium
1008 1280 1200 1311 autumant;

66 1346 104 1368 ut
134 1336 308 1380 quomodo
341 1348 463 1378 corpus
495 1348 534 1366 ex
566 1348 729 1379 corpore,
764 1335 812 1368 sic
841 1335 952 1368 anima
982 1343 1136 1366 nascatur
1160 1346 1200 1365 ex

67 1397 195 1436 anima,
229 1406 262 1429 et
292 1395 396 1428 simili
422 1408 498 1428 cum
521 1396 628 1428 brutis
653 1396 876 1429 animantibus
902 1395 1097 1429 conditione
1120 1395 1198 1427 sub-

65 1459 187 1491 sistam<
235 1457 439 1500 Augustinus
464 1457 540 1491 libr.
568 1459 627 1491 ΙΙΙ.
652 1459 694 1490 de
719 1458 828 1490 libero
853 1457 1012 1498 arbitrio,
1045 1471 1117 1501 cap.
1141 1455 1196 1490 20.

66 1529 99 1553 et
120 1520 194 1560 21„
229 1518 426 1564 quaestione
460 1519 520 1551 illa
551 1519 800 1563 praetermissa,
840 1529 954 1552 utrum
991 1519 1121 1553 animae
1157 1531 1195 1549 ex

63 1582 202 1627 propria
229 1581 298 1614 Dei
326 1581 509 1613 substantia
547 1582 721 1625 profectae
750 1582 832 1622 sint,
869 1581 1015 1626 reliquas
1051 1589 1196 1625 quatuor

62 1652 214 1676 recenset
237 1642 286 1676 his
312 1642 437 1675 verbis:
466 1643 614 1675 »Harum
638 1652 749 1676 autem
776 1652 920 1688 quatuor
936 1644 979 1675 de
997 1642 1106 1675 anima
1121 1654 1197 1674 sen-

61 1705 261 1744 tentiarum,
294 1714 408 1737 utrum
440 1705 482 1737 de
514 1704 702 1749 propagine
731 1705 883 1746 veniant;
920 1718 963 1738 an
994 1704 1028 1737 in
1057 1703 1195 1746 singulis

63 1766 251 1810 quibusque
274 1766 486 1798 nascentibus
511 1779 618 1798 novae
642 1766 741 1808 fiant3
765 1779 806 1798 an
834 1766 867 1799 in
892 1779 1037 1810 corpora
1058 1778 1194 1798 nascen-

61 1827 147 1860 tium
169 1826 235 1872 jam
259 1827 385 1860 alicubi
408 1827 619 1868 exsistentes,
648 1828 704 1859 vel
727 1828 903 1860 mittantur
927 1827 1107 1866 divinitus,
1140 1827 1192 1858 vel

61 1889 141 1921 inde
165 1902 223 1921 sua
246 1899 368 1934 sponte
392 1891 562 1930 labantur,
591 1890 721 1922 nullam
745 1899 873 1921 temere
896 1889 1064 1921 affirmare
1089 1901 1193 1932 opor-

62 1950 179 1982 tebit.«
235 1953 346 1995 Atque
370 1952 426 1984 has
447 1953 534 1996 ipsas
566 1964 636 1984 esse
659 1950 856 1991 sententias,
892 1962 976 1995 quae
1006 1951 1047 1982 ab
1070 1948 1193 1982 Hiero-

61 2024 162 2056 nymo
194 2012 316 2044 relatae
345 2023 441 2053 sunt,
472 2013 669 2046 testificatur
699 2013 770 2057 ipse
797 2011 998 2054 Augustinus
1028 2011 1063 2043 in
1091 2011 1188 2055 epist.

61 2074 102 2106 ad
128 2072 390 2119 Hieronymum,
420 2075 462 2107 de
494 2075 625 2108 ratione
656 2074 795 2109 animae.
855 2074 946 2107 Toto
981 2083 1071 2107 certe
1103 2073 1188 2106 vitae

158 2258 191 2303 ¹)
213 2258 274 2292 Ev.
298 2259 422 2294 Joann.
448 2259 488 2302 V,
515 2259 566 2295 17.
