1403 2492
383 44 696 79 Omenmmsonum
721 45 832 78 Lmen
858 45 901 79 11.
1139 44 1207 80 277

67 132 170 172 τίοι-3,
193 142 311 166 contra
336 147 435 178 quam
461 134 616 179 opinatus
645 143 693 167 est
718 133 914 167 Vincentius
936 133 1204 174 Beltovacensis,

68 193 206 238 Specul.
244 195 421 229 doctrinal.
455 196 532 229 libr.
558 196 687 230 XVIII.
721 209 795 240 cap.
821 195 876 230 43.
921 194 1106 236 origenem
1139 195 1201 227 hac

68 254 109 286 de
136 268 246 288 caussa
270 256 441 290 immerito
466 256 634 299 castigans.
682 257 806 290 Facilis
830 266 878 290 est
896 256 963 290 loci
991 255 1086 300 liujus
1111 254 1200 301 juxta

67 316 227 350 ecclesiae
252 318 438 351 doctrinam
462 319 641 364 expositio,
689 320 775 352 Nam
798 328 837 351 ut
862 332 899 351 ex
926 317 1079 362 corporis
1102 317 1199 350 Chri-

66 377 108 409 sti
140 391 198 410 esu
229 379 459 424 adjumentum
489 379 564 424 quis
597 380 722 425 capiat,
753 393 822 413 non
853 393 928 413 esus
958 379 1029 424 ipsc
1062 378 1198 417 sufficit,

64 443 125 472 sed
149 439 274 482 integra
298 451 469 485 practerea
494 450 527 473 et
549 442 744 475 intaminata
768 454 862 474 mens
886 441 1089 486 requiritur;
1112 440 1197 473 alio-

65 501 147 547 quin
171 501 333 547 judicium
357 503 419 535 sibi
441 504 619 536 manducat
640 512 676 535 et
700 503 803 544 bibit,
833 502 892 548 qui
923 502 1020 535 noxis
1044 501 1197 546 pollutus

64 564 105 596 ad
130 564 241 597 altaris
265 574 507 597 sacramentum
531 564 672 598 accedit.
721 566 838 610 ltaque
867 577 937 597 non
963 578 1001 596 ex
1025 576 1059 596 se
1084 563 1195 596 solum

63 634 96 657 ct
121 625 321 670 simpliciter
345 626 458 658 edenti
487 625 699 659 sanctitatem
731 628 880 666 confert,
918 626 975 659 sed
1001 625 1064 663 ita.
1095 624 1122 656 si
1154 625 1195 656 ab

61 687 183 719 edente
208 697 295 720 certa
321 682 414 727 fides,
441 692 476 721 et
499 701 604 732 purus
630 687 758 721 animus
789 687 1019 720 adhibeantur.
1068 685 1196 719 Simili-

62 757 114 780 ter
143 748 246 780 homo
276 749 340 781 hoc
370 749 539 782 abstinens
570 759 796 791 sacramento,
827 751 883 782 vel
913 750 1009 795 quod
1039 747 1194 780 nondum

61 809 125 842 sibi
148 809 192 842 sit
215 811 292 842 satis
316 812 495 855 probatus,
527 812 582 844 vel
608 813 701 856 quod
725 813 876 845 nondum
903 811 1022 858 justam
1048 807 1195 850 attigerit

57 880 215 910 aetatem,
239 872 293 904 vel
317 872 382 904 alia
406 872 520 917 quavis
546 873 693 915 legitima
719 875 761 906 de
787 887 917 915 caussa,
950 872 1193 905 detrimentum

57 946 98 965 ex
122 933 183 966 hac
207 933 406 967 abstinentia
428 948 497 967 non
524 935 630 980 capit3
660 935 730 967 imo
762 948 824 968 nec
854 937 946 968 bono
972 934 1087 978 aliquo
1114 932 1192 964 inde

57 994 183 1039 privari
206 995 252 1028 ait
277 994 449 1037 Origenes.
494 995 599 1038 Quod
625 996 669 1029 ita
694 997 867 1039 intelligo:
893 1011 968 1030 cum
986 997 1090 1028 bomo
1109 1007 1193 1026 non-

59 1056 139 1089 dum
173 1056 235 1089 sibi
265 1057 342 1089 satis
371 1058 553 1101 probatus,
585 1059 638 1091 vel
669 1059 810 1103 alicujus
841 1058 990 1091 criminis
1020 1057 1084 1090 sibi
1110 1069 1192 1088 con-

58 1117 162 1157 scius,
192 1118 220 1150 si
251 1118 293 1150 ad
324 1118 436 1150 altaris
466 1120 724 1153 Sacramentum
752 1121 907 1160 accedat,
938 1119 1101 1165 judicium
1126 1116 1190 1149 sibi

57 1180 240 1212 manducet
270 1188 302 1211 et
333 1180 442 1220 bibat,
475 1190 574 1225 atque
606 1195 643 1214 ex
674 1183 739 1215 hoc
771 1195 830 1215 esu
863 1191 895 1214 et
927 1191 1012 1226 potu
1042 1189 1189 1212 mortem

57 1241 187 1274 animae
213 1254 290 1274 suae
314 1242 511 1282 consciscat,
535 1244 661 1276 nedum
686 1245 833 1277 fructum
855 1244 1003 1288 aliquem
1017 1242 1095 1274 inde
1113 1254 1189 1285 per-

57 1303 171 1348 cipiat,
195 1304 364 1348 sequitur,
391 1313 432 1335 ut
462 1303 490 1336 si
522 1305 602 1337 haec
632 1306 856 1339 reformidans
887 1306 1105 1339 Sacramento
1131 1303 1188 1334 ab·

56 1365 186 1405 stincat‚
209 1366 302 1397 bono
328 1365 444 1410 aliquo
474 1379 542 1399 nou
567 1367 736 1411 privetur,
769 1369 849 1401 dum
881 1381 948 1400 non
980 1365 1083 1399 sumit
1115 1376 1189 1396 cor-

54 1440 118 1472 pus
143 1427 287 1468 Christi3
311 1440 388 1460 cum
411 1427 539 1460 malum
563 1437 691 1462 tantum
715 1430 834 1462 fuisset
856 1439 1024 1467 nacturus,
1048 1426 1075 1459 si
1098 1438 1188 1457 sum-

54 1489 159 1523 sisset.
206 1489 348 1522 Materia
377 1499 490 1522 autem
524 1500 678 1524 constans
702 1491 761 1524 illa
784 1491 880 1536 panis
903 1503 991 1535 pars,
1027 1501 1126 1533 quam
1151 1486 1186 1518 iu

54 1564 219 1584 secessum
245 1551 321 1597 ejici
345 1552 411 1592 ait,
441 1566 478 1585 ea
509 1562 586 1585 sunt
615 1553 802 1587 accidentia
834 1553 992 1585 materiae
1017 1551 1111 1595 panis
1135 1549 1186 1581 in·

53 1614 225 1646 haerentia
250 1623 282 1646 et
306 1613 376 1658 ejus
401 1614 558 1658 propria,
596 1628 682 1659 quae
713 1625 872 1660 corrupta
897 1628 914 1648 a
939 1613 1126 1650 stomacho,
1152 1620 1184 1643 et

53 1674 87 1707 in
110 1688 232 1707 novam
258 1688 418 1707 conversa
448 1676 684 1719 substantiam,
720 1678 772 1709 vel
797 1677 831 1709 iu
855 1689 1021 1709 secessum
1049 1676 1183 1713 abeunt,

54 1737 109 1768 vel
134 1736 270 1768 humani
295 1737 447 1781 corporis
472 1738 617 1770 formam
642 1738 794 1770 induunt.
841 1738 1077 1770 Precationem
1103 1748 1183 1767 vero

53 1799 158 1839 illam,
183 1812 268 1843 quac
292 1812 412 1844 panem
439 1801 693 1833 comedentibus
717 1801 835 1833 utilem
861 1800 975 1839 efficit,
999 1808 1033 1831 et
1057 1810 1185 1831 sermo-

54 1874 129 1894 nem
155 1875 255 1905 super
278 1874 363 1905 pane
388 1862 578 1906 prolatum,
614 1862 695 1906 quid
726 1863 817 1894 aliud
843 1875 912 1894 esse
937 1862 1057 1900 dicam,
1083 1872 1183 1905 quam

52 1922 193 1968 mystica
216 1922 274 1954 illa
299 1924 410 1964 verba,
435 1924 555 1968 quibus
578 1923 673 1969 panis
697 1933 931 1963 cousecratur,
955 1933 988 1956 et
1012 1936 1096 1968 quae
1121 1922 1183 1957 εὐ-

48 1982 122 2028 χήν
146 1997 184 2016 ac
205 1983 378 2029 mysticam
402 1998 537 2029 precem
564 1986 720 2018 nonnulli
744 1986 859 2019 Patres
883 1986 1079 2030 appellant?
1106 1986 1184 2030 quia

52 2045 301 2090 precationem,
326 2046 405 2079 licet
428 2061 496 2080 non
527 2062 734 2092 expressam,
759 2048 955 2088 involvunt,
979 2062 1042 2093 qua
1068 2049 1181 2081 Deum

52 2118 147 2150 rogat
170 2109 337 2151 sacci-dm,
362 2118 397 2141 ut
420 2110 560 2154 prolatis
585 2124 602 2143 a
635 2124 669 2143 se
700 2112 847 2156 mysticis
877 2111 986 2145 verbis
1019 2112 1108 2143 idem
1135 2111 1182 2142 ef-

51 2171 153 2209 ficiat,
177 2172 269 2214 quod
295 2171 410 2203 effecit
434 2171 528 2211 olim,
554 2187 629 2205 cum
655 2174 771 2205 eadem
801 2174 871 2217 ipse
897 2174 1074 2218 proferret.
1124 2174 1183 2205 At-

28 2262 30 2264 .
54 2247 118 2278 que
143 2245 204 2278 per
228 2233 309 2265 haec
335 2246 409 2266 cum
434 2232 526 2278 panis
558 2235 590 2268 in
616 2249 738 2280 corpus
766 2236 888 2269 Christi
914 2236 1079 2270 elliciatur
1104 2249 1183 2268 con,
