1403 2492
383 87 696 120 Omcemaxonum
721 85 834 118 Lmen
859 85 900 118 11.
1128 87 1192 123 195

60 176 337 210 summationem:
363 176 447 209 vidit
470 175 633 208 mundum
658 175 692 207 in
724 175 872 215 diluvio,
905 175 938 207 in
961 176 1191 220 corruptione,

60 248 93 271 et
116 239 149 271 in
174 238 313 271 interitu
335 247 569 283 peccatorum,
602 250 685 281 quae
711 237 744 269 in
770 237 824 269 die
849 246 926 269 sunt
952 247 1111 270 eventura
1136 238 1190 284 ju-

59 300 156 333 dicii:
181 313 311 333 rursum
343 300 473 332 videbit
501 298 664 330 mundum
696 298 728 331 in
759 298 1005 331 resurrectione
1036 300 1188 333 omnium

58 371 320 406 peccatorumu*
362 371 395 393 et
430 360 489 392 ille
529 372 667 403 qunque
705 373 742 392 ex
785 360 913 392 Homil.
946 360 990 393 X.
1028 372 1189 406 sequente

56 436 147 456 num.
173 422 204 457 3.
260 422 392 466 »Aiunt
422 420 566 454 Hebraei
600 421 786 454 Sodomam
820 420 853 453 in
886 422 1030 454 eundem
1066 433 1188 457 statum

56 484 306 523 restituendam,
329 483 363 516 in
389 497 456 528 quo
483 492 515 515 et
536 492 630 514 antea
663 481 830 521 constitit,
867 491 904 514 ut
935 496 1066 515 rursum
1091 485 1190 518 Para-

56 546 130 578 diso
153 545 221 578 Dei
253 554 286 578 et
318 554 426 577 terrae
457 543 600 590 Aegypti
632 543 941 587 compararetur.¹)
988 544 1025 577 Si
1058 545 1122 579 hoc
1153 561 1188 580 se

54 607 102 639 sic
125 606 235 647 habet,
260 615 293 639 et
316 606 385 639 sive
411 607 559 638 futurum
586 614 644 644 est,
669 604 738 637 sive
762 617 848 645 non;
873 616 1076 649 quaerentur
1099 607 1188 641 enim

53 667 245 700 istiusmodi
270 681 321 700 res
347 667 436 712 apud
462 679 537 705 eos,
570 665 625 710 qui
659 665 845 698 doctissimi
876 676 969 699 sunt:
1009 676 1046 700 ut
1075 678 1187 704 autem

53 729 112 762 fiat
135 730 227 774 quod
252 729 385 769 dicitur,
410 728 673 772 complebuntur
697 727 778 760 mihi
803 741 966 761 annorum
982 729 1045 762 tria
1068 729 1187 772 millia,

54 799 87 823 et
110 799 190 822 tunc
214 789 455 834 restituam-²)
480 789 667 822 excruciata
699 789 805 822 tribus
838 790 991 823 millibus
1021 804 1187 825 annorum

52 852 216 892 Sodoma,
239 851 275 884 id
299 861 349 884 est
371 851 481 884 anima
506 861 603 884 mea:
630 852 801 891 Sodoma,
825 851 909 884 meis
933 865 1044 896 poena
1067 866 1186 898 pecca-

52 913 104 947 tis.
151 913 288 947 Grande
319 913 534 946 intervallum
567 912 730 957 temporis
762 912 850 945 inter
880 913 1128 947 restitutionem
1153 924 1186 948 et

52 975 183 1008 ruinam
211 975 362 1021 positum
394 983 478 1009 est.«
529 976 670 1008 Animae
702 974 923 1018 postmodum
953 974 1074 1008 noxiae
1105 977 1188 1018 figu-

52 1050 122 1070 ram
147 1050 217 1070 esse
251 1037 295 1070 ait
325 1036 533 1076 Samariam,
571 1049 655 1080 quae
688 1049 758 1068 non
787 1035 868 1068 alias
898 1035 1103 1070 restituenda
1134 1038 1187 1079 sit,

51 1111 152 1144 quam
177 1112 252 1131 cum
277 1099 394 1130 decern
418 1097 525 1130 tribus
550 1097 676 1129 suerint
700 1109 861 1129 reversae.
909 1097 998 1130 Tum
1023 1098 1087 1132 ait:
1128 1099 1186 1133 »Si

51 1170 163 1193 autem
187 1169 278 1193 tanto
303 1168 382 1204 post
405 1168 560 1202 tempore
591 1158 787 1190 restituetur
815 1157 850 1189 id
880 1159 973 1202 quod
1006 1161 1186 1204 praecessit

51 1221 86 1254 in
110 1221 250 1263 signum,
276 1220 409 1265 quando
434 1229 470 1252 tu
495 1218 696 1258 restitueris,
718 1219 745 1251 si
769 1228 881 1251 tamen
905 1220 1103 1262 restitueris,
1126 1223 1186 1256 Sa-

50 1282 210 1315 maritana
236 1291 269 1314 et
292 1281 459 1314 haeretica
482 1281 602 1320 anima,
627 1293 710 1325 quae
735 1280 921 1313 simulacris
946 1291 979 1314 et
999 1283 1090 1316 feriis
1115 1297 1183 1317 non

51 1344 148 1383 veris,
173 1356 210 1376 ac
234 1343 400 1385 figmentis
426 1343 467 1375 de
493 1343 702 1375 Hieroboam
739 1343 842 1375 corde
875 1343 1086 1377 venientibus
1112 1359 1183 1378 cre-

50 1404 212 1438 didisti?«
251 1403 431 1450 Ejusmodi
467 1404 632 1437 nonnulla
663 1403 697 1436 in
728 1404 947 1449 sequentibus
983 1405 1097 1439 videre
1124 1417 1184 1449 est,

50 1467 171 1512 quibus
197 1466 349 1498 doctrina
375 1466 492 1498 eadem
517 1464 714 1498 inculcatur.
763 1466 831 1499 Sed
855 1465 890 1498 in
918 1466 1110 1500 Adamantii
1137 1478 1183 1501 ta-

49 1541 126 1561 men
150 1527 288 1570 gratiam
312 1537 450 1560 notetur
473 1527 580 1559 istud:
619 1527 682 1560 »Si
713 1536 826 1559 tamen
857 1527 1084 1562 restitueris:«
1114 1543 1181 1574 quo

49 1589 194 1623 incertus
219 1589 289 1636 ejus
321 1598 354 1622 et
383 1589 548 1621 fluctuans
572 1588 701 1621 animus
725 1588 898 1633 proditur:
923 1589 950 1622 si
974 1592 1080 1623 modo
1107 1592 1184 1626 Ori-

49 1651 224 1694 genianum
255 1664 291 1683 re
322 1650 392 1694 ipsa
423 1650 488 1682 hoc
519 1659 585 1690 est,
626 1662 694 1682 non
729 1649 953 1683 Rufinianum.
1015 1651 1183 1686 Illustrius

47 1713 147 1745 etiam
171 1712 262 1745 istud
287 1724 304 1743 e
330 1710 406 1743 libr.
431 1711 457 1743 I.
481 1712 565 1755 περὶ
592 1711 729 1755 ἀρχῶν,
750 1724 820 1755 cap.
846 1711 877 1746 6.
909 1725 1001 1745 num.
1028 1713 1056 1747 1.
1084 1723 1117 1746 et
1140 1713 1184 1753 2,,

47 1774 81 1807 in
107 1787 174 1819 quo
200 1773 322 1817 probat
345 1772 410 1804 hoc
435 1771 629 1816 Scripturae
654 1771 867 1805 testimonio:
903 1773 1085 1817 „»Dixit³)
1111 1775 1185 1807 Do·

47 1834 158 1866 minus
182 1833 334 1866 Domino
359 1845 456 1865 meo:
480 1833 559 1865 sede
584 1846 600 1865 a
627 1832 751 1865 dextris
782 1833 885 1873 meis,
918 1835 1027 1866 donec
1058 1848 1183 1879 ponam

47 1895 204 1928 inimicos
228 1904 305 1928 tuos
323 1895 510 1927 scabellum
534 1895 662 1938 pedum
680 1903 884 1926 tuot-unium
913 1904 945 1927 et
976 1895 1037 1928 illo
1067 1897 1076 1928 Ι
1105 1897 1184 1930 Cor.

46 1957 123 2001 XV,
148 1956 202 1991 24.
227 1956 281 1990 25.
338 1956 520 1988 »»Deinde
550 1955 646 1996 finis,
685 1969 760 1988 cum
792 1956 970 1988 tradiderit
998 1970 1136 2000 regnum
1151 1959 1183 2004 ⁴)

142 2096 174 2139 ¹)
198 2094 262 2127 Ed.
287 2094 411 2128 Ruaei:
438 2104 663 2139 comparetur.

139 2151 174 2195 ²)
200 2150 287 2182 Edd.
312 2150 445 2183 Huetii:
468 2150 675 2183 restituetur.
722 2149 942 2183 Excmciatur
968 2151 1075 2185 tribus
1101 2163 1165 2186 etc.

142 2206 176 2250 ³)
202 2206 323 2239 Psalm.
350 2206 422 2246 CX,
449 2206 478 2240 1.
505 2206 631 2251 (CIX.)

141 2262 175 2307 ⁴)
200 2261 307 2295 Deest
333 2274 510 2304 »iegnum«
537 2261 573 2294 in
598 2261 674 2295 edd.
700 2262 742 2295 H.

845 2323 918 2358 13*
