1403 2492
194 60 259 96 184
532 59 645 94 Parni
678 58 848 93 mamus
879 58 1011 95 Eunu

195 150 300 183 dubio
326 149 598 195 praeparabitur,
635 149 692 195 qui
723 162 785 194 per
819 149 913 183 illam
947 149 1057 190 viam,
1097 162 1197 196 quam
1231 165 1333 198 supra

197 212 425 254 ostendimus,
450 212 515 245 iter
537 221 671 255 agentes
699 211 740 244 ad
766 211 864 245 illum
890 212 992 245 finem
1015 211 1233 247 beatitudinis
1257 222 1332 248 ten-

195 275 290 314 dunt,
316 274 371 308 cui
395 273 496 308 etiarn
520 273 585 319 ipsi
610 272 739 307 inimici
770 272 971 321 subjiciendi
996 273 1173 314 dicuntur,
1203 273 1240 309 in
1262 288 1330 321 quo

193 336 261 368 fine
293 335 406 369 omnia
444 344 478 369 et
513 335 546 369 in
587 335 746 368 omnibus
784 335 909 368 dicitur
938 347 1008 368 esse
1038 335 1166 370 Deum«
1214 336 1333 383 ltaque

193 397 423 445 Hieronymus
448 397 544 443 epist.
569 398 624 434 59.
650 398 690 430 ad
710 397 799 430 Avit.
825 410 897 443 cap.
916 396 945 432 1.
971 397 1137 432 censuisse
1150 397 1335 442 Origenem

195 459 359 505 queritur,
382 461 533 494 futurum
554 470 592 494 ut
615 473 653 493 ex
674 458 792 496 animis
805 459 1005 505 quibusdam
1031 458 1228 495 »hominum
1253 473 1335 495 con-

193 530 261 555 stet
282 535 386 565 genus
409 522 444 556 in
468 535 536 556 uno
560 522 676 567 aliquo
706 535 744 555 ex
767 520 914 561 mundis,
939 522 1074 567 quando
1095 521 1187 569 juxta
1201 522 1335 557 Esaiam

196 583 331 617 coelum
356 593 391 617 et
416 593 504 617 terra
528 597 617 617 nova
641 584 752 617 Γιειιωι

287 646 397 691 Supra
420 646 486 679 hoc
511 646 613 679 etiam
638 645 866 691 conspicabile
893 646 1038 687 coelum,
1063 655 1185 680 terram
1211 660 1335 682 novam

196 720 235 740 ac
260 707 395 740 coelum
420 722 547 742 novum
581 709 785 754 quandoque
823 707 993 750 collocat;
1028 717 1062 741 et
1092 708 1215 742 summi
1243 709 1336 743 illius

197 782 235 802 ac
259 769 339 802 novi
366 770 453 803 coeli
478 771 608 804 ratione
634 771 884 803 firmamentum
901 783 971 803 esse
986 770 1113 804 inferos
1136 771 1193 811 ait,
1219 784 1337 817 quem-

196 832 383 865 admodum
408 833 540 866 ratione
557 832 761 867 firmamenti
778 842 866 873 terra
881 833 962 866 haec
979 842 1105 874 nostra,
1129 847 1230 879 quam
1253 847 1335 879 pro-

194 894 267 938 prie
293 894 420 928 aridam
453 896 694 941 appellandam
725 904 853 935 censet,
890 895 991 928 inseri
1022 903 1116 938 sunt;
1148 895 1336 929 inferorum

197 969 279 989 vero
305 957 435 991 ratione
470 958 605 992 coelum
637 960 710 1004 ipsa
745 967 812 999 est;
844 966 877 990 et
902 949 1199 1002 'quemadmodum
1229 957 1338 991 disce-

197 1019 315 1052 dentes
348 1033 386 1053 ex
418 1021 468 1054 liis
499 1020 639 1053 terrenis
671 1020 807 1053 sedibus
845 1019 975 1053 animae
1013 1033 1077 1066 pro
1110 1020 1178 1054 suis
1207 1019 1336 1052 meritis

196 1081 326 1115 diversa
351 1083 440 1127 apud
469 1082 596 1115 inferos
629 1083 783 1115 obtinent
809 1083 903 1123 loca,
939 1082 986 1115 ita
1018 1095 1102 1127 quae
1136 1082 1171 1115 in
1201 1095 1334 1115 summo

195 1144 274 1176 loco
299 1145 509 1186 moriuntur,
545 1144 690 1187 ablegari
715 1144 749 1177 in
772 1144 1042 1184 firmamentum,
1064 1144 1119 1177 vel
1143 1143 1178 1177 in
1201 1152 1338 1185 terram,

194 1216 227 1239 et
252 1206 341 1239 varia
366 1206 413 1240 ibi
438 1208 513 1240 loca
543 1206 703 1240 nancisci:
738 1220 775 1240 ae
805 1220 938 1240 rursum
961 1207 1251 1252 quemadmodum
1274 1207 1338 1240 mi-

195 1278 326 1310 grantes
351 1282 389 1301 ex
415 1268 697 1310 inferis-animae,
722 1278 755 1302 ct
780 1270 824 1302 ob
848 1278 939 1303 recte
964 1279 1053 1312 gesta
1077 1268 1111 1302 in
1134 1278 1260 1303 terram
1285 1282 1338 1302 re-

196 1339 356 1370 meantes,
380 1331 472 1364 nasci
499 1332 674 1374 dicuntur,
698 1332 743 1365 ita
768 1331 877 1365 varios
902 1331 1090 1366 animarum
1108 1341 1201 1366 ortus
1222 1331 1256 1365 in
1280 1332 1338 1365 fir-

195 1402 381 1434 mamenm,
405 1403 437 1427 et
464 1407 625 1439 supremo
652 1395 732 1427 item
759 1396 859 1427 coelo
881 1394 1087 1437 contingere.
1135 1396 1248 1428 Verba
1264 1396 1337 1440 ipsa

196 1455 363 1498 Origenis,
389 1456 509 1501 quibus
534 1456 616 1489 haec
640 1457 833 1489 continetur
858 1457 1030 1498 doctrina¹
1053 1457 1190 1490 adducit
1214 1457 1338 1491 Hiero-

194 1531 313 1564 nymus
339 1518 447 1563 capite
471 1519 503 1552 2.
530 1528 562 1551 et
587 1524 618 1553 4.
645 1518 741 1564 epist.
763 1518 816 1553 59.
842 1520 884 1551 ad
910 1519 998 1553 Avit.
1024 1532 1041 1552 e
1067 1519 1154 1552 libro
1169 1520 1225 1552 lv.
1251 1523 1338 1567 περὶ

196 1580 330 1626 ἀρχῶν,
355 1593 447 1617 num.
470 1581 525 1617 23.
573 1580 681 1627 Hujus
707 1590 797 1613 certe
823 1581 902 1613 libri
928 1594 1019 1614 num.
1045 1581 1098 1616 22.
1130 1576 1233 1616 tradit
1257 1584 1338 1618 Ori-

194 1656 292 1686 genes
318 1643 610 1690 Hicrosolymam‚
642 1643 700 1677 sed
727 1653 757 1677 et
783 1643 929 1688 reliquas
955 1643 1055 1676 etiam
1088 1654 1196 1678 terrae
1226 1646 1338 1689 regio-

193 1719 262 1746 nes,
287 1706 368 1739 alias
391 1705 455 1739 sibi
481 1706 698 1749 cognomines
724 1706 758 1738 in
784 1705 887 1738 coelis
912 1706 1053 1746 habere,
1085 1706 1201 1752 ibique
1225 1709 1337 1756 Aegy-

193 1779 301 1814 ptum,
319 1768 559 1814 Babyloniam,
583 1770 724 1815 Tyrum,
749 1778 782 1802 ct
794 1769 960 1802 Sidonem
976 1769 1137 1814 reperiri3
1160 1770 1336 1816 multaque

195 1833 237 1865 de
263 1831 347 1865 locis
373 1831 440 1864 illis
465 1831 664 1865 vaticinatos
689 1843 758 1864 esse
791 1831 992 1877 prophetas,
1023 1844 1107 1877 quae
1138 1831 1165 1865 si
1194 1832 1268 1878 quis
1292 1835 1336 1867 ad

193 1904 325 1928 terrena
352 1895 427 1927 loca
452 1895 594 1934 reserat,
619 1893 715 1926 valde
741 1907 818 1927 eum
843 1893 1051 1928 hallucinari.
1106 1893 1261 1928 Plurima
1285 1895 1335 1930 ibi

195 1957 228 1990 in
253 1956 354 1990 sacris
380 1957 611 1990 voluminibus
634 1966 820 1990 memorata
846 1967 1014 1999 recenset,
1043 1969 1128 2003 quae
1152 1957 1335 2001 allegorice

194 2019 457 2064 interpretanda,
483 2029 516 2054 et
540 2021 582 2053 ad
606 2019 765 2053 coelestia
790 2020 1024 2065 detorquenda
1048 2019 1237 2053 arbitratur.
1261 2019 1334 2053 Ho-

193 2081 287 2114 milia
311 2082 472 2116 XXVIII.
498 2083 531 2116 in
557 2083 656 2115 Num.
681 2095 772 2115 num.
798 2081 831 2116 2.
877 2083 1040 2116 Judaeam
1070 2082 1104 2115 in
1136 2082 1234 2116 coelo
1264 2082 1334 2117 suis

195 2142 387 2176 distinctam
413 2144 606 2184 montibus,
641 2143 707 2177 suis
734 2143 926 2178 civitatibus
951 2154 984 2178 et
1009 2144 1109 2184 vicis,
1139 2144 1207 2178 suis
1231 2144 1333 2178 etiam

191 2205 346 2239 tribubus
372 2206 497 2246 statuit,
522 2206 555 2239 in
581 2219 684 2252 eaque
710 2206 824 2241 sedem
848 2208 1038 2253 positurum
1061 2208 1230 2253 populum
1253 2208 1333 2249 Dei,

192 2278 226 2302 et
250 2280 369 2303 verum
393 2269 571 2311 lsraelem,
594 2269 676 2304 Jeau
701 2271 807 2315 duce,
833 2270 926 2317 cujus
949 2270 1128 2314 imaginem
1154 2270 1253 2314 gessit
1275 2271 1333 2304 Je-
