<?xml version="1.0" encoding="UTF-8"?>
<!DOCTYPE html PUBLIC "-//W3C//DTD XHTML 1.0 Transitional//EN"
    "http://www.w3.org/TR/xhtml1/DTD/xhtml1-transitional.dtd">
<html xmlns="http://www.w3.org/1999/xhtml" xml:lang="en" lang="en">
 <head>
  <title>
</title>
<meta http-equiv="Content-Type" content="text/html;charset=utf-8" />
  <meta name='ocr-system' content='tesseract 3.04.00' />
  <meta name='ocr-capabilities' content='ocr_page ocr_carea ocr_par ocr_line ocrx_word'/>
</head>
<body>
  <div class='ocr_page' id='page_1' title='image "./operaomniaquaegr23orig/operaomniaquaegr23orig_0156.png"; bbox 0 0 1403 2492; ppageno 0'>
   <div class='ocr_carea' id='block_1_1' title="bbox 209 108 1002 145">
    <p class='ocr_par' dir='ltr' id='par_1_1' title="bbox 209 108 1002 145">
     <span class='ocr_line' id='line_1_1' title="bbox 209 108 1002 145; baseline -0.003 0"><span class='ocrx_word' id='word_1_1' title='bbox 209 109 273 145; x_wconf 75' lang='lat'>142</span> <span class='ocrx_word' id='word_1_2' title='bbox 540 108 649 142; x_wconf 71' lang='lat' dir='ltr'>Parni</span> <span class='ocrx_word' id='word_1_3' title='bbox 677 109 848 143; x_wconf 67' lang='lat' dir='ltr'>omnus</span> <span class='ocrx_word' id='word_1_4' title='bbox 872 111 1002 143; x_wconf 77' lang='grc' dir='ltr'>Ηυετιι</span> 
     </span>
    </p>
   </div>
   <div class='ocr_carea' id='block_1_2' title="bbox 189 199 1340 2282">
    <p class='ocr_par' dir='ltr' id='par_1_2' title="bbox 194 199 1340 1605">
     <span class='ocr_line' id='line_1_2' title="bbox 204 199 1336 247; baseline 0.001 -14"><span class='ocrx_word' id='word_1_5' title='bbox 204 209 484 240; x_wconf 69' lang='lat' dir='ltr'>rosur1·‹·‹·turam;</span> <span class='ocrx_word' id='word_1_6' title='bbox 516 199 557 232; x_wconf 86' lang='lat' dir='ltr'>ad</span> <span class='ocrx_word' id='word_1_7' title='bbox 590 199 693 244; x_wconf 86' lang='lat' dir='ltr'>idque</span> <span class='ocrx_word' id='word_1_8' title='bbox 718 199 808 241; x_wconf 82' lang='lat' dir='ltr'>grani</span> <span class='ocrx_word' id='word_1_9' title='bbox 834 209 866 233; x_wconf 71' lang='lat' dir='ltr'>«et</span> <span class='ocrx_word' id='word_1_10' title='bbox 890 199 1002 245; x_wconf 81' lang='lat' dir='ltr'>spicae</span> <span class='ocrx_word' id='word_1_11' title='bbox 1027 201 1239 245; x_wconf 35' lang='lat' dir='ltr'>exemplans</span> <span class='ocrx_word' id='word_1_12' title='bbox 1267 214 1336 247; x_wconf 82' lang='lat' dir='ltr'>quo</span> 
     </span>
     <span class='ocr_line' id='line_1_3' title="bbox 205 261 1337 307; baseline 0.003 -13"><span class='ocrx_word' id='word_1_13' title='bbox 205 275 282 294; x_wconf 80' lang='lat' dir='ltr'>usus</span> <span class='ocrx_word' id='word_1_14' title='bbox 309 271 356 294; x_wconf 77' lang='lat' dir='ltr'>vst</span> <span class='ocrx_word' id='word_1_15' title='bbox 384 261 584 305; x_wconf 68' lang='lat' dir='ltr'>Apostolus,</span> <span class='ocrx_word' id='word_1_16' title='bbox 615 262 862 295; x_wconf 76' lang='lat' dir='ltr'>accommodat.</span> <span class='ocrx_word' id='word_1_17' title='bbox 917 262 1031 294; x_wconf 86' lang='lat' dir='ltr'>Tomo</span> <span class='ocrx_word' id='word_1_18' title='bbox 1065 275 1200 307; x_wconf 82' lang='lat' dir='ltr'>quoque</span> <span class='ocrx_word' id='word_1_19' title='bbox 1230 262 1337 297; x_wconf 83' lang='lat' dir='ltr'>XVll.</span> 
     </span>
     <span class='ocr_line' id='line_1_4' title="bbox 205 322 1339 368; baseline 0.001 -11"><span class='ocrx_word' id='word_1_20' title='bbox 205 324 236 357; x_wconf 92' lang='lat' dir='ltr'>in</span> <span class='ocrx_word' id='word_1_21' title='bbox 267 325 386 356; x_wconf 72' lang='lat' dir='ltr'>Manli.</span> <span class='ocrx_word' id='word_1_22' title='bbox 418 336 511 355; x_wconf 85' lang='lat' dir='ltr'>num.</span> <span class='ocrx_word' id='word_1_23' title='bbox 536 322 590 357; x_wconf 86' lang='grc'>30.</span> <span class='ocrx_word' id='word_1_24' title='bbox 626 332 658 355; x_wconf 84' lang='lat' dir='ltr'>et</span> <span class='ocrx_word' id='word_1_25' title='bbox 688 322 741 356; x_wconf 74' lang='lat'>33.</span> <span class='ocrx_word' id='word_1_26' title='bbox 774 324 815 355; x_wconf 84' lang='lat' dir='ltr'>(le</span> <span class='ocrx_word' id='word_1_27' title='bbox 852 323 1049 368; x_wconf 71' lang='lat' dir='ltr'>quan-stione</span> <span class='ocrx_word' id='word_1_28' title='bbox 1083 337 1100 356; x_wconf 81' lang='lat' dir='ltr'>a</span> <span class='ocrx_word' id='word_1_29' title='bbox 1135 324 1339 358; x_wconf 69' lang='lat' dir='ltr'>Sadducaei·</span> 
     </span>
     <span class='ocr_line' id='line_1_5' title="bbox 205 384 1340 430; baseline 0.001 -12"><span class='ocrx_word' id='word_1_30' title='bbox 205 384 410 430; x_wconf 84' lang='lat' dir='ltr'>Sospitatori</span> <span class='ocrx_word' id='word_1_31' title='bbox 433 386 610 430; x_wconf 80' lang='lat' dir='ltr'>proposita</span> <span class='ocrx_word' id='word_1_32' title='bbox 634 397 751 426; x_wconf 86' lang='lat' dir='ltr'>agens,</span> <span class='ocrx_word' id='word_1_33' title='bbox 782 385 982 427; x_wconf 74' lang='lat' dir='ltr'>genitalibus</span> <span class='ocrx_word' id='word_1_34' title='bbox 1015 385 1156 419; x_wconf 77' lang='lat' dir='ltr'>caritura</span> <span class='ocrx_word' id='word_1_35' title='bbox 1189 385 1340 420; x_wconf 78' lang='lat' dir='ltr'>decrevit</span> 
     </span>
     <span class='ocr_line' id='line_1_6' title="bbox 205 446 1340 492; baseline 0 -12"><span class='ocrx_word' id='word_1_36' title='bbox 205 460 349 492; x_wconf 87' lang='lat' dir='ltr'>corpora</span> <span class='ocrx_word' id='word_1_37' title='bbox 372 447 405 479; x_wconf 90' lang='lat' dir='ltr'>in</span> <span class='ocrx_word' id='word_1_38' title='bbox 431 447 542 486; x_wconf 86' lang='lat' dir='ltr'>coelo,</span> <span class='ocrx_word' id='word_1_39' title='bbox 568 447 659 491; x_wconf 87' lang='lat' dir='ltr'>quod</span> <span class='ocrx_word' id='word_1_40' title='bbox 685 446 731 479; x_wconf 92' lang='lat' dir='ltr'>ibi</span> <span class='ocrx_word' id='word_1_41' title='bbox 755 446 951 488; x_wconf 75' lang='lat' dir='ltr'>genitalium</span> <span class='ocrx_word' id='word_1_42' title='bbox 977 461 1054 480; x_wconf 82' lang='lat' dir='ltr'>usus</span> <span class='ocrx_word' id='word_1_43' title='bbox 1075 448 1262 482; x_wconf 82' lang='lat' dir='ltr'>abolendus</span> <span class='ocrx_word' id='word_1_44' title='bbox 1284 447 1340 481; x_wconf 69' lang='lat' dir='ltr'>sit.=</span> 
     </span>
     <span class='ocr_line' id='line_1_7' title="bbox 203 505 1338 554; baseline 0 -12"><span class='ocrx_word' id='word_1_45' title='bbox 203 509 272 542; x_wconf 91' lang='lat' dir='ltr'>Sed</span> <span class='ocrx_word' id='word_1_46' title='bbox 305 519 338 542; x_wconf 86' lang='lat' dir='ltr'>et</span> <span class='ocrx_word' id='word_1_47' title='bbox 368 522 405 541; x_wconf 86' lang='lat' dir='ltr'>ex</span> <span class='ocrx_word' id='word_1_48' title='bbox 436 509 503 541; x_wconf 83' lang='lat' dir='ltr'>fine</span> <span class='ocrx_word' id='word_1_49' title='bbox 538 508 614 540; x_wconf 90' lang='lat' dir='ltr'>libri</span> <span class='ocrx_word' id='word_1_50' title='bbox 641 505 694 541; x_wconf 56' lang='lat' dir='ltr'>ll.⁴</span> <span class='ocrx_word' id='word_1_51' title='bbox 715 508 757 540; x_wconf 88' lang='lat' dir='ltr'>de</span> <span class='ocrx_word' id='word_1_52' title='bbox 788 508 936 554; x_wconf 80' lang='lat' dir='ltr'>Princip.</span> <span class='ocrx_word' id='word_1_53' title='bbox 977 510 1078 542; x_wconf 84' lang='lat' dir='ltr'>affert</span> <span class='ocrx_word' id='word_1_54' title='bbox 1107 510 1196 542; x_wconf 82' lang='lat' dir='ltr'>bunc</span> <span class='ocrx_word' id='word_1_55' title='bbox 1223 510 1338 542; x_wconf 88' lang='lat' dir='ltr'>locum</span> 
     </span>
     <span class='ocr_line' id='line_1_8' title="bbox 203 569 1338 616; baseline 0 -12"><span class='ocrx_word' id='word_1_56' title='bbox 203 571 344 605; x_wconf 81' lang='lat' dir='ltr'>Hieron.</span> <span class='ocrx_word' id='word_1_57' title='bbox 369 570 467 615; x_wconf 89' lang='lat' dir='ltr'>epist.</span> <span class='ocrx_word' id='word_1_58' title='bbox 492 569 545 604; x_wconf 83' lang='lat'>59.</span> <span class='ocrx_word' id='word_1_59' title='bbox 569 571 610 603; x_wconf 88' lang='lat' dir='ltr'>ad</span> <span class='ocrx_word' id='word_1_60' title='bbox 636 570 725 603; x_wconf 79' lang='lat' dir='ltr'>Avit.</span> <span class='ocrx_word' id='word_1_61' title='bbox 751 583 823 615; x_wconf 86' lang='lat' dir='ltr'>cap.</span> <span class='ocrx_word' id='word_1_62' title='bbox 847 570 878 604; x_wconf 83' lang='lat'>2.</span> <span class='ocrx_word' id='word_1_63' title='bbox 929 588 946 602; x_wconf 89' lang='lat'>»</span> <span class='ocrx_word' id='word_1_64' title='bbox 958 569 1113 616; x_wconf 77' lang='lat' dir='ltr'>Curiique</span> <span class='ocrx_word' id='word_1_65' title='bbox 1144 571 1178 604; x_wconf 89' lang='lat' dir='ltr'>in</span> <span class='ocrx_word' id='word_1_66' title='bbox 1209 581 1338 604; x_wconf 88' lang='lat' dir='ltr'>tantum</span> 
     </span>
     <span class='ocr_line' id='line_1_9' title="bbox 201 632 1339 678; baseline 0.001 -13"><span class='ocrx_word' id='word_1_67' title='bbox 201 632 466 678; x_wconf 79' lang='lat' dir='ltr'><strong>profecerimus,</strong></span> <span class='ocrx_word' id='word_1_68' title='bbox 496 641 535 664; x_wconf 83' lang='lat' dir='ltr'>ut</span> <span class='ocrx_word' id='word_1_69' title='bbox 571 645 780 677; x_wconf 82' lang='lat' dir='ltr'>nequaquam</span> <span class='ocrx_word' id='word_1_70' title='bbox 806 645 919 665; x_wconf 77' lang='lat' dir='ltr'>carnes</span> <span class='ocrx_word' id='word_1_71' title='bbox 945 642 978 665; x_wconf 87' lang='lat' dir='ltr'>et</span> <span class='ocrx_word' id='word_1_72' title='bbox 1002 646 1162 678; x_wconf 74' lang='lat' dir='ltr'>corpora,</span> <span class='ocrx_word' id='word_1_73' title='bbox 1197 633 1339 666; x_wconf 80' lang='lat' dir='ltr'><strong>forsitan</strong></span> 
     </span>
     <span class='ocr_line' id='line_1_10' title="bbox 201 693 1340 740; baseline 0.002 -14"><span class='ocrx_word' id='word_1_74' title='bbox 201 707 244 727; x_wconf 88' lang='lat' dir='ltr'>ne</span> <span class='ocrx_word' id='word_1_75' title='bbox 267 694 398 727; x_wconf 81' lang='lat' dir='ltr'>animae</span> <span class='ocrx_word' id='word_1_76' title='bbox 423 693 560 738; x_wconf 87' lang='lat' dir='ltr'>quidem</span> <span class='ocrx_word' id='word_1_77' title='bbox 585 694 765 735; x_wconf 79' lang='lat' dir='ltr'>fuerimus,</span> <span class='ocrx_word' id='word_1_78' title='bbox 794 696 852 727; x_wconf 88' lang='lat' dir='ltr'>sed</span> <span class='ocrx_word' id='word_1_79' title='bbox 885 708 978 727; x_wconf 87' lang='lat' dir='ltr'>mens</span> <span class='ocrx_word' id='word_1_80' title='bbox 1003 704 1036 728; x_wconf 88' lang='lat' dir='ltr'>et</span> <span class='ocrx_word' id='word_1_81' title='bbox 1058 708 1172 728; x_wconf 80' lang='lat' dir='ltr'>sensus</span> <span class='ocrx_word' id='word_1_82' title='bbox 1197 695 1340 740; x_wconf 73' lang='lat' dir='ltr'>adper-</span> 
     </span>
     <span class='ocr_line' id='line_1_11' title="bbox 203 756 1337 801; baseline 0.001 -12"><span class='ocrx_word' id='word_1_83' title='bbox 203 757 329 789; x_wconf 81' lang='lat' dir='ltr'>fectum</span> <span class='ocrx_word' id='word_1_84' title='bbox 356 756 503 795; x_wconf 85' lang='lat' dir='ltr'>veniens,</span> <span class='ocrx_word' id='word_1_85' title='bbox 528 756 692 801; x_wconf 87' lang='lat' dir='ltr'>nulloque</span> <span class='ocrx_word' id='word_1_86' title='bbox 718 757 1011 801; x_wconf 78' lang='lat' dir='ltr'>perturbationum</span> <span class='ocrx_word' id='word_1_87' title='bbox 1036 756 1156 790; x_wconf 88' lang='lat' dir='ltr'>nubilo</span> <span class='ocrx_word' id='word_1_88' title='bbox 1182 757 1337 800; x_wconf 74' lang='lat' dir='ltr'>caligans,</span> 
     </span>
     <span class='ocr_line' id='line_1_12' title="bbox 202 817 1336 864; baseline 0.001 -13"><span class='ocrx_word' id='word_1_89' title='bbox 202 817 390 851; x_wconf 88' lang='lat' dir='ltr'>intuebitur</span> <span class='ocrx_word' id='word_1_90' title='bbox 420 818 654 858; x_wconf 78' lang='lat' dir='ltr'>rationabiles,</span> <span class='ocrx_word' id='word_1_91' title='bbox 693 819 990 864; x_wconf 81' lang='lat' dir='ltr'>intelligibilesque</span> <span class='ocrx_word' id='word_1_92' title='bbox 1021 819 1220 852; x_wconf 76' lang='lat' dir='ltr'>substantias</span> <span class='ocrx_word' id='word_1_93' title='bbox 1249 819 1336 852; x_wconf 77' lang='lat' dir='ltr'>facie</span> 
     </span>
     <span class='ocr_line' id='line_1_13' title="bbox 201 879 1336 925; baseline 0 -12"><span class='ocrx_word' id='word_1_94' title='bbox 201 881 242 913; x_wconf 89' lang='lat' dir='ltr'>ad</span> <span class='ocrx_word' id='word_1_95' title='bbox 275 880 434 913; x_wconf 67' lang='lat' dir='ltr'>faciem«</span> <span class='ocrx_word' id='word_1_96' title='bbox 487 880 584 924; x_wconf 77' lang='lat' dir='ltr'>Quae</span> <span class='ocrx_word' id='word_1_97' title='bbox 619 880 666 913; x_wconf 85' lang='lat' dir='ltr'>sic</span> <span class='ocrx_word' id='word_1_98' title='bbox 687 879 902 925; x_wconf 70' lang='lat' dir='ltr'>&#39;depravavit</span> <span class='ocrx_word' id='word_1_99' title='bbox 938 893 1001 913; x_wconf 91' lang='lat' dir='ltr'>suo</span> <span class='ocrx_word' id='word_1_100' title='bbox 1038 894 1135 913; x_wconf 82' lang='lat' dir='ltr'>more</span> <span class='ocrx_word' id='word_1_101' title='bbox 1175 881 1336 913; x_wconf 74' lang='lat' dir='ltr'>Rufinus:</span> 
     </span>
     <span class='ocr_line' id='line_1_14' title="bbox 203 942 1337 986; baseline 0.001 -11"><span class='ocrx_word' id='word_1_102' title='bbox 203 942 271 975; x_wconf 84' lang='lat' dir='ltr'>»Et</span> <span class='ocrx_word' id='word_1_103' title='bbox 297 942 343 975; x_wconf 88' lang='lat' dir='ltr'>ita</span> <span class='ocrx_word' id='word_1_104' title='bbox 368 955 518 975; x_wconf 83' lang='lat' dir='ltr'>crescens</span> <span class='ocrx_word' id='word_1_105' title='bbox 543 955 605 986; x_wconf 89' lang='lat' dir='ltr'>per</span> <span class='ocrx_word' id='word_1_106' title='bbox 627 942 755 984; x_wconf 84' lang='lat' dir='ltr'>singula</span> <span class='ocrx_word' id='word_1_107' title='bbox 777 942 985 975; x_wconf 85' lang='lat' dir='ltr'>rationabilis</span> <span class='ocrx_word' id='word_1_108' title='bbox 1008 952 1136 984; x_wconf 83' lang='lat' dir='ltr'>natura,</span> <span class='ocrx_word' id='word_1_109' title='bbox 1159 955 1228 976; x_wconf 84' lang='lat' dir='ltr'>non</span> <span class='ocrx_word' id='word_1_110' title='bbox 1251 943 1337 976; x_wconf 84' lang='lat' dir='ltr'>sicut</span> 
     </span>
     <span class='ocr_line' id='line_1_15' title="bbox 199 1004 1335 1049; baseline 0.001 -12"><span class='ocrx_word' id='word_1_111' title='bbox 199 1005 232 1037; x_wconf 88' lang='lat' dir='ltr'>in</span> <span class='ocrx_word' id='word_1_112' title='bbox 260 1017 367 1044; x_wconf 86' lang='lat' dir='ltr'>carne,</span> <span class='ocrx_word' id='word_1_113' title='bbox 393 1004 446 1037; x_wconf 83' lang='lat' dir='ltr'>vel</span> <span class='ocrx_word' id='word_1_114' title='bbox 471 1017 627 1049; x_wconf 87' lang='lat' dir='ltr'>corpore,</span> <span class='ocrx_word' id='word_1_115' title='bbox 654 1013 686 1037; x_wconf 80' lang='lat' dir='ltr'>et</span> <span class='ocrx_word' id='word_1_116' title='bbox 710 1005 819 1037; x_wconf 85' lang='lat' dir='ltr'>anima</span> <span class='ocrx_word' id='word_1_117' title='bbox 844 1004 876 1037; x_wconf 90' lang='lat' dir='ltr'>in</span> <span class='ocrx_word' id='word_1_118' title='bbox 901 1005 962 1037; x_wconf 86' lang='lat' dir='ltr'>hac</span> <span class='ocrx_word' id='word_1_119' title='bbox 985 1004 1052 1038; x_wconf 80' lang='lat' dir='ltr'>vita</span> <span class='ocrx_word' id='word_1_120' title='bbox 1072 1006 1254 1045; x_wconf 82' lang='lat' dir='ltr'>crescebat,</span> <span class='ocrx_word' id='word_1_121' title='bbox 1276 1005 1335 1038; x_wconf 84' lang='lat' dir='ltr'>sed</span> 
     </span>
     <span class='ocr_line' id='line_1_16' title="bbox 198 1066 1335 1112; baseline 0.001 -14"><span class='ocrx_word' id='word_1_122' title='bbox 198 1075 310 1099; x_wconf 87' lang='lat' dir='ltr'>mente</span> <span class='ocrx_word' id='word_1_123' title='bbox 335 1079 373 1099; x_wconf 88' lang='lat' dir='ltr'>ac</span> <span class='ocrx_word' id='word_1_124' title='bbox 398 1079 493 1099; x_wconf 88' lang='lat' dir='ltr'>sensu</span> <span class='ocrx_word' id='word_1_125' title='bbox 519 1075 616 1098; x_wconf 85' lang='lat' dir='ltr'>aucta</span> <span class='ocrx_word' id='word_1_126' title='bbox 640 1067 681 1098; x_wconf 85' lang='lat' dir='ltr'>ad</span> <span class='ocrx_word' id='word_1_127' title='bbox 713 1068 897 1110; x_wconf 82' lang='lat' dir='ltr'>perfectam</span> <span class='ocrx_word' id='word_1_128' title='bbox 930 1066 1121 1107; x_wconf 83' lang='lat' dir='ltr'>scientiam,</span> <span class='ocrx_word' id='word_1_129' title='bbox 1151 1079 1246 1099; x_wconf 85' lang='lat' dir='ltr'>mens</span> <span class='ocrx_word' id='word_1_130' title='bbox 1269 1067 1335 1112; x_wconf 69' lang='lat' dir='ltr'>iarn</span> 
     </span>
     <span class='ocr_line' id='line_1_17' title="bbox 197 1128 1335 1174; baseline 0.001 -14"><span class='ocrx_word' id='word_1_131' title='bbox 197 1129 346 1172; x_wconf 87' lang='lat' dir='ltr'>perfecta</span> <span class='ocrx_word' id='word_1_132' title='bbox 367 1128 586 1172; x_wconf 80' lang='lat' dir='ltr'>perducitur,</span> <span class='ocrx_word' id='word_1_133' title='bbox 615 1141 828 1172; x_wconf 81' lang='lat' dir='ltr'>nequaquam</span> <span class='ocrx_word' id='word_1_134' title='bbox 852 1128 915 1174; x_wconf 84' lang='lat' dir='ltr'>jam</span> <span class='ocrx_word' id='word_1_135' title='bbox 942 1129 1028 1161; x_wconf 83' lang='lat' dir='ltr'>ultra</span> <span class='ocrx_word' id='word_1_136' title='bbox 1053 1129 1125 1162; x_wconf 86' lang='lat' dir='ltr'>istis</span> <span class='ocrx_word' id='word_1_137' title='bbox 1149 1129 1335 1162; x_wconf 84' lang='lat' dir='ltr'>carnalibus</span> 
     </span>
     <span class='ocr_line' id='line_1_18' title="bbox 195 1189 1337 1234; baseline -0.001 -11"><span class='ocrx_word' id='word_1_138' title='bbox 195 1189 347 1223; x_wconf 85' lang='lat' dir='ltr'>sensibus</span> <span class='ocrx_word' id='word_1_139' title='bbox 371 1189 552 1234; x_wconf 82' lang='lat' dir='ltr'>impedita,</span> <span class='ocrx_word' id='word_1_140' title='bbox 583 1191 641 1223; x_wconf 85' lang='lat' dir='ltr'>sed</span> <span class='ocrx_word' id='word_1_141' title='bbox 675 1190 960 1222; x_wconf 82' lang='lat' dir='ltr'>intellectualibus</span> <span class='ocrx_word' id='word_1_142' title='bbox 990 1190 1206 1223; x_wconf 78' lang='lat' dir='ltr'>incrementis</span> <span class='ocrx_word' id='word_1_143' title='bbox 1229 1200 1337 1231; x_wconf 87' lang='lat' dir='ltr'>aucta,</span> 
     </span>
     <span class='ocr_line' id='line_1_19' title="bbox 197 1251 1336 1296; baseline 0.002 -12"><span class='ocrx_word' id='word_1_144' title='bbox 197 1265 333 1296; x_wconf 87' lang='lat' dir='ltr'>semper</span> <span class='ocrx_word' id='word_1_145' title='bbox 355 1252 397 1284; x_wconf 85' lang='lat' dir='ltr'>ad</span> <span class='ocrx_word' id='word_1_146' title='bbox 421 1265 556 1296; x_wconf 86' lang='lat' dir='ltr'>purum,</span> <span class='ocrx_word' id='word_1_147' title='bbox 581 1261 623 1291; x_wconf 87' lang='lat' dir='ltr'>et,</span> <span class='ocrx_word' id='word_1_148' title='bbox 649 1261 686 1285; x_wconf 86' lang='lat' dir='ltr'>ut</span> <span class='ocrx_word' id='word_1_149' title='bbox 708 1253 753 1285; x_wconf 85' lang='lat' dir='ltr'>ita</span> <span class='ocrx_word' id='word_1_150' title='bbox 778 1252 936 1292; x_wconf 84' lang='lat' dir='ltr'>dixerim,</span> <span class='ocrx_word' id='word_1_151' title='bbox 960 1251 1046 1285; x_wconf 84' lang='lat' dir='ltr'>facie</span> <span class='ocrx_word' id='word_1_152' title='bbox 1071 1253 1112 1285; x_wconf 90' lang='lat' dir='ltr'>ad</span> <span class='ocrx_word' id='word_1_153' title='bbox 1136 1252 1258 1286; x_wconf 83' lang='lat' dir='ltr'>faciem</span> <span class='ocrx_word' id='word_1_154' title='bbox 1282 1265 1336 1286; x_wconf 87' lang='lat' dir='ltr'>re-</span> 
     </span>
     <span class='ocr_line' id='line_1_20' title="bbox 197 1310 1331 1359; baseline 0 -12"><span class='ocrx_word' id='word_1_155' title='bbox 197 1327 272 1359; x_wconf 78' lang='lat' dir='ltr'>rum</span> <span class='ocrx_word' id='word_1_156' title='bbox 299 1326 427 1346; x_wconf 85' lang='lat' dir='ltr'>caussas</span> <span class='ocrx_word' id='word_1_157' title='bbox 458 1310 675 1358; x_wconf 57' lang='lat' dir='ltr'>inspiciens«</span> <span class='ocrx_word' id='word_1_158' title='bbox 726 1314 883 1359; x_wconf 87' lang='lat' dir='ltr'>Denique</span> <span class='ocrx_word' id='word_1_159' title='bbox 916 1314 1004 1346; x_wconf 89' lang='lat' dir='ltr'>libro</span> <span class='ocrx_word' id='word_1_160' title='bbox 1030 1314 1070 1348; x_wconf 88' lang='lat' dir='ltr'>V.</span> <span class='ocrx_word' id='word_1_161' title='bbox 1102 1323 1208 1347; x_wconf 86' lang='lat' dir='ltr'>contr.</span> <span class='ocrx_word' id='word_1_162' title='bbox 1242 1315 1331 1348; x_wconf 88' lang='lat' dir='ltr'>Cels.</span> 
     </span>
     <span class='ocr_line' id='line_1_21' title="bbox 196 1375 1333 1421; baseline 0 -12"><span class='ocrx_word' id='word_1_163' title='bbox 196 1389 288 1409; x_wconf 89' lang='lat' dir='ltr'>num.</span> <span class='ocrx_word' id='word_1_164' title='bbox 315 1376 367 1409; x_wconf 78' lang='lat'>19.</span> <span class='ocrx_word' id='word_1_165' title='bbox 398 1385 543 1420; x_wconf 77' lang='lat' dir='ltr'>propter</span> <span class='ocrx_word' id='word_1_166' title='bbox 572 1375 788 1417; x_wconf 78' lang='lat' dir='ltr'>migrationes</span> <span class='ocrx_word' id='word_1_167' title='bbox 818 1388 836 1408; x_wconf 91' lang='lat' dir='ltr'>e</span> <span class='ocrx_word' id='word_1_168' title='bbox 868 1376 946 1408; x_wconf 89' lang='lat' dir='ltr'>loco</span> <span class='ocrx_word' id='word_1_169' title='bbox 980 1375 1013 1408; x_wconf 89' lang='lat' dir='ltr'>in</span> <span class='ocrx_word' id='word_1_170' title='bbox 1039 1375 1154 1408; x_wconf 87' lang='lat' dir='ltr'>locum</span> <span class='ocrx_word' id='word_1_171' title='bbox 1178 1376 1333 1421; x_wconf 90' lang='lat' dir='ltr'>corpori-</span> 
     </span>
     <span class='ocr_line' id='line_1_22' title="bbox 196 1437 1333 1483; baseline 0.001 -13"><span class='ocrx_word' id='word_1_172' title='bbox 196 1439 257 1470; x_wconf 89' lang='lat' dir='ltr'>bus</span> <span class='ocrx_word' id='word_1_173' title='bbox 281 1450 342 1469; x_wconf 90' lang='lat' dir='ltr'>nos</span> <span class='ocrx_word' id='word_1_174' title='bbox 369 1450 453 1481; x_wconf 88' lang='lat' dir='ltr'>opus</span> <span class='ocrx_word' id='word_1_175' title='bbox 478 1438 600 1469; x_wconf 85' lang='lat' dir='ltr'>habere</span> <span class='ocrx_word' id='word_1_176' title='bbox 625 1438 743 1476; x_wconf 84' lang='lat' dir='ltr'>docet;</span> <span class='ocrx_word' id='word_1_177' title='bbox 779 1437 813 1469; x_wconf 93' lang='lat' dir='ltr'>id</span> <span class='ocrx_word' id='word_1_178' title='bbox 838 1446 948 1469; x_wconf 89' lang='lat' dir='ltr'>autem</span> <span class='ocrx_word' id='word_1_179' title='bbox 975 1446 1100 1470; x_wconf 81' lang='lat' dir='ltr'>certam</span> <span class='ocrx_word' id='word_1_180' title='bbox 1124 1451 1193 1470; x_wconf 88' lang='lat' dir='ltr'>non</span> <span class='ocrx_word' id='word_1_181' title='bbox 1218 1438 1333 1483; x_wconf 85' lang='lat' dir='ltr'>requi-</span> 
     </span>
     <span class='ocr_line' id='line_1_23' title="bbox 194 1498 1332 1545; baseline 0.001 -13"><span class='ocrx_word' id='word_1_182' title='bbox 194 1512 268 1532; x_wconf 87' lang='lat' dir='ltr'>rere</span> <span class='ocrx_word' id='word_1_183' title='bbox 303 1499 448 1543; x_wconf 86' lang='lat' dir='ltr'>partium</span> <span class='ocrx_word' id='word_1_184' title='bbox 481 1498 685 1543; x_wconf 83' lang='lat' dir='ltr'>posituram,</span> <span class='ocrx_word' id='word_1_185' title='bbox 720 1499 778 1530; x_wconf 86' lang='lat' dir='ltr'>scd</span> <span class='ocrx_word' id='word_1_186' title='bbox 815 1498 959 1542; x_wconf 84' lang='lat' dir='ltr'>quodvis</span> <span class='ocrx_word' id='word_1_187' title='bbox 990 1498 1168 1531; x_wconf 81' lang='lat' dir='ltr'>admittere</span> <span class='ocrx_word' id='word_1_188' title='bbox 1198 1512 1332 1545; x_wconf 85' lang='lat' dir='ltr'>corpus,</span> 
     </span>
     <span class='ocr_line' id='line_1_24' title="bbox 195 1560 1142 1605; baseline -0.006 -11"><span class='ocrx_word' id='word_1_189' title='bbox 195 1575 318 1605; x_wconf 86' lang='lat' dir='ltr'>corpus</span> <span class='ocrx_word' id='word_1_190' title='bbox 343 1561 448 1593; x_wconf 90' lang='lat' dir='ltr'>modo</span> <span class='ocrx_word' id='word_1_191' title='bbox 473 1560 523 1592; x_wconf 89' lang='lat' dir='ltr'>sit.</span> <span class='ocrx_word' id='word_1_192' title='bbox 1139 1598 1142 1601; x_wconf 91' lang='lat'>.</span> 
     </span>
    </p>

    <p class='ocr_par' dir='ltr' id='par_1_3' title="bbox 189 1622 1332 2282">
     <span class='ocr_line' id='line_1_25' title="bbox 284 1622 1329 1666; baseline 0.002 -11"><span class='ocrx_word' id='word_1_193' title='bbox 284 1623 376 1655; x_wconf 81' lang='lat' dir='ltr'>Vlll.</span> <span class='ocrx_word' id='word_1_194' title='bbox 426 1622 604 1654; x_wconf 74' lang='lat' dir='ltr'>liiclinasse</span> <span class='ocrx_word' id='word_1_195' title='bbox 631 1623 764 1660; x_wconf 73' lang='lat' dir='ltr'>eodem,</span> <span class='ocrx_word' id='word_1_196' title='bbox 790 1635 856 1666; x_wconf 79' lang='lat' dir='ltr'>quo</span> <span class='ocrx_word' id='word_1_197' title='bbox 884 1622 1064 1663; x_wconf 81' lang='lat' dir='ltr'>Origenes,</span> <span class='ocrx_word' id='word_1_198' title='bbox 1092 1623 1226 1656; x_wconf 84' lang='lat' dir='ltr'>videtur</span> <span class='ocrx_word' id='word_1_199' title='bbox 1249 1624 1329 1657; x_wconf 70' lang='lat' dir='ltr'>Hie-</span> 
     </span>
     <span class='ocr_line' id='line_1_26' title="bbox 194 1672 1327 1729; baseline 0.003 -12"><span class='ocrx_word' id='word_1_200' title='bbox 194 1698 358 1729; x_wconf 77' lang='lat' dir='ltr'>ronymus</span> <span class='ocrx_word' id='word_1_201' title='bbox 393 1683 450 1717; x_wconf 87' lang='lat' dir='ltr'>lib.</span> <span class='ocrx_word' id='word_1_202' title='bbox 478 1684 536 1717; x_wconf 82' lang='lat' dir='ltr'>lll.</span> <span class='ocrx_word' id='word_1_203' title='bbox 570 1683 602 1716; x_wconf 87' lang='lat' dir='ltr'>in</span> <span class='ocrx_word' id='word_1_204' title='bbox 640 1672 736 1728; x_wconf 78' lang='lat' dir='ltr'>epist.</span> <span class='ocrx_word' id='word_1_205' title='bbox 768 1684 808 1715; x_wconf 88' lang='lat' dir='ltr'>ad</span> <span class='ocrx_word' id='word_1_206' title='bbox 840 1683 963 1728; x_wconf 79' lang='lat' dir='ltr'>Eplies.</span> <span class='ocrx_word' id='word_1_207' title='bbox 1001 1697 1074 1729; x_wconf 89' lang='lat' dir='ltr'>cap.</span> <span class='ocrx_word' id='word_1_208' title='bbox 1099 1686 1132 1718; x_wconf 79' lang='grc'>5.</span> <span class='ocrx_word' id='word_1_209' title='bbox 1166 1698 1248 1718; x_wconf 77' lang='lat' dir='ltr'>vers.</span> <span class='ocrx_word' id='word_1_210' title='bbox 1275 1685 1327 1720; x_wconf 80' lang='grc'>28.</span> 
     </span>
     <span class='ocr_line' id='line_1_27' title="bbox 196 1744 1328 1788; baseline 0.003 -12"><span class='ocrx_word' id='word_1_211' title='bbox 196 1746 414 1779; x_wconf 62' lang='lat' dir='ltr'>»Fon-amus</span> <span class='ocrx_word' id='word_1_212' title='bbox 437 1745 568 1787; x_wconf 83' lang='lat' dir='ltr'>igitur,«</span> <span class='ocrx_word' id='word_1_213' title='bbox 596 1744 716 1788; x_wconf 86' lang='lat' dir='ltr'>inquit,</span> <span class='ocrx_word' id='word_1_214' title='bbox 746 1754 799 1778; x_wconf 77' lang='lat' dir='ltr'>»et</span> <span class='ocrx_word' id='word_1_215' title='bbox 824 1745 884 1777; x_wconf 78' lang='lat' dir='ltr'>viri</span> <span class='ocrx_word' id='word_1_216' title='bbox 911 1759 1044 1785; x_wconf 82' lang='lat' dir='ltr'>uxores,</span> <span class='ocrx_word' id='word_1_217' title='bbox 1070 1755 1102 1778; x_wconf 87' lang='lat' dir='ltr'>et</span> <span class='ocrx_word' id='word_1_218' title='bbox 1121 1746 1251 1779; x_wconf 79' lang='lat' dir='ltr'>animae</span> <span class='ocrx_word' id='word_1_219' title='bbox 1266 1759 1328 1779; x_wconf 82' lang='lat' dir='ltr'>no-</span> 
     </span>
     <span class='ocr_line' id='line_1_28' title="bbox 191 1804 1332 1852; baseline 0.001 -12"><span class='ocrx_word' id='word_1_220' title='bbox 191 1817 256 1840; x_wconf 86' lang='lat' dir='ltr'>stra</span> <span class='ocrx_word' id='word_1_221' title='bbox 282 1820 437 1852; x_wconf 88' lang='lat' dir='ltr'>corpora,</span> <span class='ocrx_word' id='word_1_222' title='bbox 461 1816 498 1838; x_wconf 88' lang='lat' dir='ltr'>ut</span> <span class='ocrx_word' id='word_1_223' title='bbox 525 1815 557 1838; x_wconf 86' lang='lat' dir='ltr'>et</span> <span class='ocrx_word' id='word_1_224' title='bbox 578 1818 702 1852; x_wconf 57' lang='lat' dir='ltr'>imm-es</span> <span class='ocrx_word' id='word_1_225' title='bbox 727 1805 761 1837; x_wconf 89' lang='lat' dir='ltr'>in</span> <span class='ocrx_word' id='word_1_226' title='bbox 787 1804 886 1846; x_wconf 68' lang='lat' dir='ltr'>{⁷iros,</span> <span class='ocrx_word' id='word_1_227' title='bbox 912 1817 942 1838; x_wconf 80' lang='lat' dir='ltr'>et</span> <span class='ocrx_word' id='word_1_228' title='bbox 969 1820 1113 1851; x_wconf 89' lang='lat' dir='ltr'>corpora</span> <span class='ocrx_word' id='word_1_229' title='bbox 1139 1807 1332 1850; x_wconf 78' lang='lat' dir='ltr'>redigantur</span> 
     </span>
     <span class='ocr_line' id='line_1_29' title="bbox 192 1868 1327 1912; baseline 0.001 -10"><span class='ocrx_word' id='word_1_230' title='bbox 192 1870 225 1902; x_wconf 88' lang='lat' dir='ltr'>in</span> <span class='ocrx_word' id='word_1_231' title='bbox 251 1870 387 1908; x_wconf 88' lang='lat' dir='ltr'>animas,</span> <span class='ocrx_word' id='word_1_232' title='bbox 413 1878 447 1901; x_wconf 88' lang='lat' dir='ltr'>et</span> <span class='ocrx_word' id='word_1_233' title='bbox 471 1880 682 1912; x_wconf 82' lang='lat' dir='ltr'>nequaquam</span> <span class='ocrx_word' id='word_1_234' title='bbox 706 1868 749 1900; x_wconf 84' lang='lat' dir='ltr'>sit</span> <span class='ocrx_word' id='word_1_235' title='bbox 773 1881 911 1899; x_wconf 80' lang='lat' dir='ltr'>sexuum</span> <span class='ocrx_word' id='word_1_236' title='bbox 937 1869 1007 1900; x_wconf 86' lang='lat' dir='ltr'>ulla</span> <span class='ocrx_word' id='word_1_237' title='bbox 1033 1868 1217 1902; x_wconf 81' lang='lat' dir='ltr'>diversitas.</span> <span class='ocrx_word' id='word_1_238' title='bbox 1258 1870 1327 1903; x_wconf 80' lang='lat' dir='ltr'>Sed</span> 
     </span>
     <span class='ocr_line' id='line_1_30' title="bbox 193 1929 1327 1976; baseline 0.002 -14"><span class='ocrx_word' id='word_1_239' title='bbox 193 1931 369 1976; x_wconf 83' lang='lat' dir='ltr'>quomodo</span> <span class='ocrx_word' id='word_1_240' title='bbox 395 1931 486 1974; x_wconf 86' lang='lat' dir='ltr'>apud</span> <span class='ocrx_word' id='word_1_241' title='bbox 511 1929 646 1971; x_wconf 87' lang='lat' dir='ltr'>angelos</span> <span class='ocrx_word' id='word_1_242' title='bbox 670 1942 739 1960; x_wconf 88' lang='lat' dir='ltr'>non</span> <span class='ocrx_word' id='word_1_243' title='bbox 766 1937 812 1960; x_wconf 74' lang='lat' dir='ltr'>vst</span> <span class='ocrx_word' id='word_1_244' title='bbox 840 1929 889 1960; x_wconf 85' lang='lat' dir='ltr'>vir</span> <span class='ocrx_word' id='word_1_245' title='bbox 913 1939 945 1961; x_wconf 85' lang='lat' dir='ltr'>et</span> <span class='ocrx_word' id='word_1_246' title='bbox 971 1931 1109 1971; x_wconf 83' lang='lat' dir='ltr'>mulier3</span> <span class='ocrx_word' id='word_1_247' title='bbox 1135 1930 1180 1963; x_wconf 83' lang='lat' dir='ltr'>ita</span> <span class='ocrx_word' id='word_1_248' title='bbox 1197 1940 1229 1963; x_wconf 84' lang='lat' dir='ltr'>et</span> <span class='ocrx_word' id='word_1_249' title='bbox 1251 1944 1327 1971; x_wconf 84' lang='lat' dir='ltr'>nos,</span> 
     </span>
     <span class='ocr_line' id='line_1_31' title="bbox 192 1990 1328 2037; baseline 0.002 -14"><span class='ocrx_word' id='word_1_250' title='bbox 192 1993 248 2037; x_wconf 81' lang='lat' dir='ltr'>qui</span> <span class='ocrx_word' id='word_1_251' title='bbox 280 1992 406 2024; x_wconf 82' lang='lat' dir='ltr'>similes</span> <span class='ocrx_word' id='word_1_252' title='bbox 441 1991 565 2033; x_wconf 77' lang='lat' dir='ltr'>augelis</span> <span class='ocrx_word' id='word_1_253' title='bbox 603 1990 706 2023; x_wconf 78' lang='lat' dir='ltr'>futuri</span> <span class='ocrx_word' id='word_1_254' title='bbox 740 2003 871 2029; x_wconf 82' lang='lat' dir='ltr'>sumus,</span> <span class='ocrx_word' id='word_1_255' title='bbox 908 1991 972 2036; x_wconf 87' lang='lat' dir='ltr'>jam</span> <span class='ocrx_word' id='word_1_256' title='bbox 1006 2004 1093 2024; x_wconf 89' lang='lat' dir='ltr'>nunc</span> <span class='ocrx_word' id='word_1_257' title='bbox 1127 1992 1328 2036; x_wconf 85' lang='lat' dir='ltr'>incipiamus</span> 
     </span>
     <span class='ocr_line' id='line_1_32' title="bbox 191 2051 1326 2098; baseline 0.001 -12"><span class='ocrx_word' id='word_1_258' title='bbox 191 2067 271 2093; x_wconf 84' lang='lat' dir='ltr'>esse,</span> <span class='ocrx_word' id='word_1_259' title='bbox 297 2054 389 2098; x_wconf 87' lang='lat' dir='ltr'>quod</span> <span class='ocrx_word' id='word_1_260' title='bbox 413 2054 512 2085; x_wconf 85' lang='lat' dir='ltr'>nobis</span> <span class='ocrx_word' id='word_1_261' title='bbox 539 2052 572 2084; x_wconf 92' lang='lat' dir='ltr'>in</span> <span class='ocrx_word' id='word_1_262' title='bbox 598 2051 801 2084; x_wconf 67' lang='lat' dir='ltr'>coelestibus</span> <span class='ocrx_word' id='word_1_263' title='bbox 827 2053 1069 2096; x_wconf 67' lang='lat' dir='ltr'>repromissum</span> <span class='ocrx_word' id='word_1_264' title='bbox 1096 2062 1182 2086; x_wconf 62' lang='lat' dir='ltr'>est«</span> <span class='ocrx_word' id='word_1_265' title='bbox 1233 2054 1326 2087; x_wconf 87' lang='lat' dir='ltr'>Acri-</span> 
     </span>
     <span class='ocr_line' id='line_1_33' title="bbox 189 2114 1325 2159; baseline 0 -12"><span class='ocrx_word' id='word_1_266' title='bbox 189 2125 241 2148; x_wconf 84' lang='lat' dir='ltr'>ter</span> <span class='ocrx_word' id='word_1_267' title='bbox 265 2128 301 2147; x_wconf 85' lang='lat' dir='ltr'>ea</span> <span class='ocrx_word' id='word_1_268' title='bbox 329 2115 481 2159; x_wconf 82' lang='lat' dir='ltr'>explodit</span> <span class='ocrx_word' id='word_1_269' title='bbox 504 2114 661 2154; x_wconf 80' lang='lat' dir='ltr'>Rufinus,</span> <span class='ocrx_word' id='word_1_270' title='bbox 694 2123 815 2157; x_wconf 77' lang='lat' dir='ltr'>utpote</span> <span class='ocrx_word' id='word_1_271' title='bbox 853 2128 889 2145; x_wconf 88' lang='lat' dir='ltr'>ex</span> <span class='ocrx_word' id='word_1_272' title='bbox 923 2115 1042 2159; x_wconf 83' lang='lat' dir='ltr'>quibus</span> <span class='ocrx_word' id='word_1_273' title='bbox 1074 2114 1228 2147; x_wconf 76' lang='lat' dir='ltr'>interitus</span> <span class='ocrx_word' id='word_1_274' title='bbox 1253 2127 1325 2147; x_wconf 87' lang='lat' dir='ltr'>cor-</span> 
     </span>
     <span class='ocr_line' id='line_1_34' title="bbox 191 2175 1324 2221; baseline 0.001 -14"><span class='ocrx_word' id='word_1_275' title='bbox 191 2189 323 2221; x_wconf 84' lang='lat' dir='ltr'>porum,</span> <span class='ocrx_word' id='word_1_276' title='bbox 350 2185 379 2207; x_wconf 82' lang='lat' dir='ltr'>et</span> <span class='ocrx_word' id='word_1_277' title='bbox 406 2189 542 2208; x_wconf 82' lang='lat' dir='ltr'>sexuum</span> <span class='ocrx_word' id='word_1_278' title='bbox 569 2175 710 2207; x_wconf 84' lang='lat' dir='ltr'>abolitio</span> <span class='ocrx_word' id='word_1_279' title='bbox 737 2186 980 2219; x_wconf 83' lang='lat' dir='ltr'>consequatur:</span> <span class='ocrx_word' id='word_1_280' title='bbox 1013 2177 1151 2208; x_wconf 87' lang='lat' dir='ltr'>demum</span> <span class='ocrx_word' id='word_1_281' title='bbox 1185 2176 1232 2215; x_wconf 66' lang='lat' dir='ltr'>sic</span> <span class='ocrx_word' id='word_1_282' title='bbox 1262 2175 1324 2208; x_wconf 82' lang='lat' dir='ltr'>ait:</span> 
     </span>
     <span class='ocr_line' id='line_1_35' title="bbox 194 2237 1323 2282; baseline -0.001 -13"><span class='ocrx_word' id='word_1_283' title='bbox 194 2238 350 2280; x_wconf 73' lang='lat' dir='ltr'>„Quanto</span> <span class='ocrx_word' id='word_1_284' title='bbox 375 2237 498 2268; x_wconf 74' lang='lat' dir='ltr'>rectius</span> <span class='ocrx_word' id='word_1_285' title='bbox 523 2238 659 2275; x_wconf 43' lang='lat' dir='ltr'>faceres,</span> <span class='ocrx_word' id='word_1_286' title='bbox 686 2238 710 2268; x_wconf 68' lang='lat' dir='ltr'>si</span> <span class='ocrx_word' id='word_1_287' title='bbox 737 2250 807 2274; x_wconf 73' lang='lat' dir='ltr'>nos.v</span> <span class='ocrx_word' id='word_1_288' title='bbox 835 2250 918 2282; x_wconf 70' lang='lat' dir='ltr'>quos</span> <span class='ocrx_word' id='word_1_289' title='bbox 940 2238 1063 2282; x_wconf 80' lang='lat' dir='ltr'>culpas,</span> <span class='ocrx_word' id='word_1_290' title='bbox 1090 2237 1266 2270; x_wconf 84' lang='lat' dir='ltr'>imitareris</span> <span class='ocrx_word' id='word_1_291' title='bbox 1291 2237 1323 2269; x_wconf 91' lang='lat' dir='ltr'>in</span> 
     </span>
    </p>
   </div>
   <div class='ocr_carea' id='block_1_3' title="bbox 190 2297 1322 2342">
    <p class='ocr_par' dir='ltr' id='par_1_4' title="bbox 190 2297 1322 2342">
     <span class='ocr_line' id='line_1_36' title="bbox 190 2297 1322 2342; baseline -0.002 -10"><span class='ocrx_word' id='word_1_292' title='bbox 190 2300 328 2337; x_wconf 70' lang='lat' dir='ltr'>talibus,</span> <span class='ocrx_word' id='word_1_293' title='bbox 357 2308 386 2331; x_wconf 82' lang='lat' dir='ltr'>et</span> <span class='ocrx_word' id='word_1_294' title='bbox 412 2300 491 2330; x_wconf 65' lang='lat' dir='ltr'>hacc</span> <span class='ocrx_word' id='word_1_295' title='bbox 516 2297 581 2330; x_wconf 89' lang='lat' dir='ltr'>soli</span> <span class='ocrx_word' id='word_1_296' title='bbox 605 2298 692 2335; x_wconf 78' lang='lat' dir='ltr'>Deo,</span> <span class='ocrx_word' id='word_1_297' title='bbox 722 2308 757 2330; x_wconf 84' lang='lat' dir='ltr'>ut</span> <span class='ocrx_word' id='word_1_298' title='bbox 780 2312 813 2330; x_wconf 86' lang='lat' dir='ltr'>se</span> <span class='ocrx_word' id='word_1_299' title='bbox 841 2298 961 2332; x_wconf 75' lang='lat' dir='ltr'>veritas</span> <span class='ocrx_word' id='word_1_300' title='bbox 985 2299 1102 2337; x_wconf 75' lang='lat' dir='ltr'>habet,</span> <span class='ocrx_word' id='word_1_301' title='bbox 1125 2311 1223 2332; x_wconf 86' lang='lat' dir='ltr'>nosse</span> <span class='ocrx_word' id='word_1_302' title='bbox 1247 2311 1322 2342; x_wconf 78' lang='lat' dir='ltr'>per—</span> 
     </span>
    </p>
   </div>
  </div>
 </body>
</html>
