1403 2492
382 52 696 86 Onmnmmonum
718 52 834 86 Lmen
858 52 902 86 ΙΙ.
1131 54 1197 90 317

67 140 190 184 ingenii
213 141 265 175 sui
288 142 543 187 perspicacitate
574 141 703 174 notavit
727 141 827 174 Picus
856 141 1112 175 Mirandulanus
1136 153 1196 177 art.

64 204 97 238 4.
121 204 311 249 Apologiae
336 217 414 237 suae
437 217 500 248 pro
526 204 690 245 Origene:
716 216 831 235 verum
849 204 879 247 ¹)
905 204 1013 235 minus
1032 214 1122 236 recte
1139 205 1198 236 ad-

65 265 170 306 didit,
207 266 389 307 Origenem
428 275 504 298 ante
534 264 774 307 sexagesimum
808 266 926 298 aetatis
964 278 1042 297 suae
1072 278 1196 297 annum

64 328 169 360 multa
192 327 377 360 titubanter
400 327 628 372 proposuisse,
652 336 772 370 utpote
798 326 831 358 in
855 327 1071 368 Theologicis
1097 340 1197 372 quae-

64 389 230 422 stionibus
267 390 418 422 nondum
452 389 528 421 satis
561 390 754 429 subactum3
797 401 882 433 quae
916 402 997 420 vero
1037 389 1196 434 deinceps

65 451 286 491 elucubravit,
311 461 391 496 puta
416 451 519 482 libros
551 459 666 482 contra
694 450 850 489 Celsum,
882 460 915 482 et
943 451 1195 483 Commentaria

64 512 99 544 in
124 513 343 552 Matthaeum,
368 525 406 544 ea
430 521 503 544 tum
527 511 713 555 scripsisse,
747 525 821 543 cum
848 511 913 556 jam
939 512 1115 544 Catliolica
1140 526 1196 544 ve-

63 574 142 606 ritas
166 574 229 618 ipsi
254 574 370 606 fuisset
395 582 601 617 comperta:-
624 573 715 617 quasi
748 586 815 605 non
847 573 950 606 iidem
977 583 1196 619 compareant

65 636 99 668 in
124 636 163 668 iis
188 649 330 676 errores,
355 648 439 680 quos
464 635 497 668 in
522 634 692 679 prioribus
717 635 905 668 admiserat.

160 781 190 825 ¹)
216 780 325 813 Miror
355 780 436 813 haec
468 781 655 814 Miranduli
687 782 788 813 verba
822 781 1068 825 reprehendere
1100 782 1193 814 Hue-

64 836 159 876 tium,
184 837 242 882 qui
265 836 338 881 ipse
363 836 445 869 alibi
469 837 533 870 ait:
560 837 656 870 »Alia
680 851 778 870 senex
803 838 1032 877 Adamantius,
1057 837 1192 879 ingenio

61 906 124 938 per
147 902 290 925 aetatem
315 892 417 934 magis
442 894 601 932 subacto,
633 893 802 933 elimavit3
834 894 895 925 alia
927 894 1090 926 efferente
1122 907 1193 926 sese

60 948 95 981 in
120 948 302 994 juventutis
327 958 420 982 aestu
445 949 650 982 fecunditate
665 949 848 993 profudit«
892 950 943 982 De
961 949 1082 994 quibus
1096 963 1192 994 prae-

62 1005 150 1037 clare
176 1004 259 1037 dixit
284 1005 510 1050 Hieronymus
540 1004 573 1037 in
604 1005 755 1046 Prologo
788 1006 828 1037 ad
864 1005 1134 1038 Commentarios
1159 1007 1193 1038 in

61 1061 198 1101 Lucam,
224 1061 404 1102 Origenem
429 1061 462 1092 in
484 1061 682 1105 quibusdam
699 1062 912 1094 Tractatibus
933 1062 1046 1106 »quasi
1069 1063 1192 1096 iterum

61 1117 136 1149 talis
161 1117 297 1157 ludere,
333 1116 397 1149 alia
434 1130 503 1148 esse
541 1117 649 1150 virilia
685 1117 755 1162 ejus
788 1128 820 1150 et
859 1119 1039 1150 senectutis
1074 1119 1189 1151 seria«

63 1173 184 1205 »Certe
209 1173 272 1205 alia
296 1173 337 1204 ad
362 1173 488 1205 amicos
513 1183 644 1206 secreto
668 1174 830 1218 scripsit‚«
857 1184 894 1206 ut
919 1174 1028 1206 verbis
1053 1175 1192 1217 Georgii

61 1228 155 1262 Bulli
179 1239 263 1269 utar,
289 1230 347 1263 cfr.
373 1230 500 1262 defens.
531 1230 610 1262 fidei
636 1231 771 1262 Nicaea.
804 1231 844 1262 de
869 1230 951 1262 Filii
976 1232 1024 1274 τῷ
1053 1230 1191 1275 ὁμοθυ-

60 1291 126 1330 σίῳ
152 1298 222 1330 cap.
247 1285 278 1319 9.
303 1299 394 1320 nuni.
418 1286 449 1320 3.
478 1300 582 1331 »quae
608 1287 717 1319 lucem
743 1299 911 1330 nunquam
939 1286 1047 1318 visura
1078 1300 1191 1331 spera-

60 1341 126 1383 vit;
151 1341 183 1373 in
208 1341 329 1385 quibus
358 1342 462 1374 libere
486 1355 523 1374 ac
556 1356 642 1386 pene
678 1343 824 1387 sceptice
850 1342 1024 1381 disseruit,
1056 1356 1094 1374 ac
1119 1343 1191 1387 ple-

60 1410 201 1441 rumque
227 1411 294 1429 non
319 1407 387 1430 tam
418 1412 511 1431 suam
543 1409 665 1431 certam
701 1412 739 1431 ac
771 1399 942 1431 definitam
980 1399 1190 1439 sententiam,

59 1467 160 1499 quam
186 1455 238 1485 vel
263 1454 406 1486 aliorum
432 1455 716 1494 ratiocinationes,
742 1456 795 1487 vel
819 1468 898 1487 suos
916 1455 1079 1499 quosdam
1096 1468 1189 1487 scru-

58 1511 158 1556 pulos
183 1523 220 1542 ae
244 1511 546 1552 dubitatiunculas‚
585 1512 627 1543 ad
660 1511 837 1543 clariorem
871 1510 1018 1543 veritatis
1042 1511 1190 1544 elucida—

58 1567 185 1600 tionem
217 1565 408 1610 proposuit.
457 1567 532 1599 Alia
571 1567 642 1611 ipse
678 1567 711 1599 in
744 1567 918 1610 publicum
951 1566 1078 1608 emisit,
1117 1568 1187 1601 sive

59 1632 176 1655 contra
200 1622 366 1660 infideles,
390 1622 460 1654 sive
485 1623 642 1654 adversus
665 1622 862 1662 haereticos,
889 1636 948 1654 seu
974 1623 1120 1667 denique
1145 1625 1187 1657 ad

57 1679 289 1712 instruendam
316 1679 450 1721 plebem
477 1678 715 1718 Christianam3
746 1678 779 1709 in
813 1678 933 1722 quibus
966 1680 1016 1712 via
1047 1681 1125 1713 trita
1149 1695 1187 1714 ac

57 1745 128 1768 tuta
154 1735 327 1774 incedens,
367 1744 536 1779 receptam
570 1735 604 1767 in
637 1734 776 1766 ecclesia
809 1736 974 1769 catholica
998 1737 1186 1770 doctrinam

56 1791 239 1824 studiosius
263 1790 410 1823 tradidit.
459 1791 580 1832 Negari
604 1801 714 1823 autem
741 1804 808 1823 non
834 1801 962 1835 potest,
996 1793 1087 1836 quin‘
1109 1794 1187 1827 Ori—

57 1847 148 1889 genis
171 1847 368 1889 suffragium
395 1847 435 1879 de
462 1848 625 1880 catholica
651 1848 802 1880 doctrina
835 1848 904 1892 peti
939 1851 1059 1882 debeat
1084 1864 1121 1883 ex
1146 1852 1185 1883 iis

57 1905 237 1948 praecipue
261 1903 414 1947 scriptis,
448 1917 533 1948 quae
564 1904 710 1948 publicis
742 1904 856 1936 usibus
891 1905 963 1949 ipse
998 1907 1185 1948 destinavit,

58 1972 142 2004 quae
168 1959 311 2001 cogitate
338 1968 370 1991 et
394 1968 518 1992 attente
546 1961 700 2001 exaravit,
727 1974 810 2006 quae
837 1962 1060 2007 deniquejam
1085 1977 1184 1996 senex

59 2024 92 2047 et
124 2016 224 2057 longo
258 2028 368 2048 rerum
403 2029 463 2047 usu
497 2025 529 2048 et
564 2017 769 2060 experientia
807 2018 946 2050 edoctus
981 2020 1182 2063 composuit.

58 2071 262 2115 Huiusmodi
287 2081 373 2112 sunt,
399 2073 548 2105 omnium
577 2085 750 2113 consensu,
777 2074 853 2105 libri
879 2084 957 2106 octo
976 2085 1091 2108 contra
1106 2076 1185 2109 Cel-

58 2140 132 2159 sum
158 2127 376 2171 Epicureum‚
402 2137 435 2160 et
460 2129 710 2162 CommentarIa
734 2130 768 2162 in
794 2131 1041 2164 Matthaeun1.«
1091 2135 1185 2165 Atta-

58 2195 136 2214 men
159 2196 226 2215 non
250 2183 440 2224 negaverim
465 2185 647 2230 plerosque
679 2198 808 2227 errores
839 2186 871 2218 in
904 2187 943 2219 iis
974 2200 1182 2232 comparere,

58 2250 143 2283 quos
168 2237 201 2270 in
226 2238 395 2283 prioribus
419 2241 609 2276 admiserat.
