1403 2492
370 106 682 142 Omot'umuonum
706 105 819 140 Lmen
836 106 884 140 11.
1119 106 1183 141 177

44 197 133 231 filios
160 197 328 231 Abraham
355 197 504 231 locatum
537 197 579 229 iri
611 196 644 229 in
678 195 776 228 coelo
810 195 993 228 secundum
1027 194 1182 227 ordinem

46 260 221 293 stellarum
247 269 279 293 et
304 261 454 305 partium
478 258 586 299 coeli,
621 258 804 302 datumque
827 258 868 290 iri
892 257 965 290 aliis
989 265 1116 290 sortem
1142 258 1183 289 ad

47 322 242 364 Orientem,
279 322 352 355 aliis
383 322 425 355 ad
458 320 701 360 Occidentem,
733 320 774 352 ad
800 321 963 353 Austrum
988 319 1078 361 aliis,
1110 318 1183 352 aliis

47 393 169 424 autem,
194 384 253 429 qui
275 382 352 417 Deo
379 383 482 425 magis
514 382 588 416 noti
616 391 709 423 sunt,
748 382 789 414 ad
822 381 1039 426 Aquilonem.
1088 380 1185 413 Facit

48 447 89 479 ad
121 459 192 479 rem
223 445 309 478 illud
340 458 380 478 ex
411 444 538 478 Homil.
566 445 596 479 1.
628 444 663 477 in
692 443 819 477 Psalm.
842 442 1004 478 XXXIX.
1036 456 1128 477 num.
1151 442 1184 478 8.

48 509 185 541 »Alium
210 509 290 542 facit
314 507 403 540 diem
428 507 509 540 solis
533 506 596 539 iste
622 520 736 540 cursus
754 505 859 539 nostri
882 504 979 551 hujus
997 505 1087 538 coeli
1111 518 1186 550 spa-

48 570 102 603 tiis
135 571 352 612 terminatus3
384 569 487 603 alium
519 569 619 602 habet
651 569 742 602 diem
773 569 850 609 ille,
883 568 939 613 qui
974 568 1015 600 ad
1047 567 1185 600 secundi

47 632 137 665 coeli
162 632 337 677 pervenire
361 641 510 665 meretur
533 632 740 665 adscensum.
796 630 910 664 Multo
942 630 1033 662 enim
1064 630 1185 663 clario-

48 707 119 727 rem
144 695 234 728 diem
258 693 351 727 ducit
374 694 452 734 ille,
489 694 546 738 qui
578 707 684 738 usque
717 694 758 726 ad
790 693 930 725 tertium
961 692 1096 725 coelum
1130 693 1185 725 vel

48 756 132 800 rapi,
156 757 210 789 vel
233 755 410 801 pervenire
434 756 596 800 potuerit,
621 755 681 788 ubi
705 768 774 788 non
798 755 910 788 solum
934 754 1109 787 ineffabile
1134 755 1186 787 lu-

47 831 124 850 men
148 817 304 858 inveniet,
329 830 446 851 verum
469 817 570 851 etiam
595 819 707 858 verba,
732 830 818 862 quac
842 816 973 849 homini
998 816 1092 861 loqui
1116 830 1185 849 non

46 879 156 920 liceat,
180 879 305 913 audiet.
353 880 444 913 Novi
470 890 502 913 et
527 880 612 913 alios
638 879 720 919 dies,
745 891 891 924 quorum
909 891 1089 912 numerum
1114 879 1185 912 sor-

46 941 140 975 tassis
164 941 331 987 propheta
355 941 477 975 merito
503 940 678 986 requirit.«
719 940 952 973 Clarissimum
977 953 1058 974 vero
1083 941 1186 980 istud,

48 1003 140 1048 quod
164 1003 287 1046 legitur
309 1003 456 1037 Tractat.
481 1004 592 1037 XXX.
618 1003 652 1036 in
677 1003 801 1036 Matth.
826 1015 916 1037 num.
931 1003 984 1037 51.
1036 1003 1185 1036 »Unum-

47 1065 207 1110 quodque
232 1066 367 1099 coelum
391 1079 468 1099 suae
493 1064 714 1099 institutionis
740 1074 772 1097 et
796 1064 891 1097 initia
916 1064 1027 1105 habet,
1052 1075 1085 1097 et
1109 1080 1186 1110 per-

47 1126 222 1167 fectiones,
247 1127 282 1160 id
307 1137 356 1160 est
379 1128 552 1160 terminos.
600 1127 647 1160 Ut
678 1135 758 1171 puta
794 1135 872 1170 post
897 1128 1186 1161 conversationem

48 1201 230 1228 summam,
262 1202 346 1234 quae
371 1190 435 1222 suit
459 1202 560 1234 super
584 1198 726 1228 terram,
761 1187 899 1232 suscipit
930 1188 1053 1221 iterum
1078 1189 1186 1223 homi-

47 1263 125 1283 nem
150 1252 359 1284 conversatio
384 1252 481 1284 unius
508 1251 614 1291 coeli,
648 1259 680 1282 et
704 1249 891 1294 perfectiO,
925 1263 1008 1294 quae
1041 1251 1074 1283 in
1091 1252 1122 1296 ¹)
1148 1265 1186 1285 ea

47 1320 106 1345 est.
156 1314 283 1345 Iterum
319 1313 458 1358 suscipit
496 1326 573 1345 eum
610 1313 756 1345 secunda
795 1312 1006 1344 conversatio
1045 1315 1185 1347 secundi

50 1374 150 1414 coeli,
175 1385 208 1408 et
233 1375 417 1419 perfectio,
450 1388 535 1420 quae
561 1375 594 1407 in
619 1387 656 1406 ea
684 1383 742 1405 est.
791 1374 920 1405 Iterum
944 1374 1082 1419 suscipit
1108 1389 1185 1408 eum

49 1436 146 1469 tertia
171 1437 382 1470 conversatio
415 1436 504 1469 tertii
538 1436 643 1475 coeli,
676 1445 710 1467 et
739 1435 928 1480 perfectio,
966 1449 1050 1480 quae
1081 1437 1116 1470 in
1149 1451 1187 1470 ea

48 1508 107 1532 est.
154 1498 199 1530 Et
229 1500 275 1531 sic
302 1499 452 1540 intellige
483 1498 568 1530 mihi
600 1498 788 1530 multorum
826 1498 1006 1530 coelorum
1031 1499 1136 1532 multa
1150 1500 1183 1544 ²)

50 1561 343 1593 conversationum
366 1560 461 1594 initia
487 1573 556 1592 esse
582 1569 615 1592 et
640 1561 824 1599 terminos,
849 1559 884 1592 id
910 1568 976 1599 est,
1001 1562 1186 1604 perfectio-

48 1635 118 1663 nes,
141 1635 159 1655 a
181 1623 303 1669 quibus
327 1623 431 1655 initiis
455 1632 487 1655 et
513 1622 663 1655 terminis
677 1622 889 1655 diversorum
909 1621 1084 1655 coelorum
1108 1637 1189 1657 con-

50 1694 161 1726 gregat
190 1685 284 1716 Deus
325 1697 402 1716 suos
447 1684 609 1718 electos.«
667 1685 759 1717 Idem
792 1683 881 1716 libro
907 1683 932 1715 Ῑ.
963 1684 1005 1716 de
1036 1685 1185 1730 Princip.

51 1734 122 1791 ¹cap.
148 1746 179 1780 6.
205 1747 305 1778 docet
337 1747 378 1778 ad
410 1759 514 1778 unum
546 1746 646 1778 linem
681 1745 830 1778 reditura
861 1745 992 1786 omnia,
1028 1749 1189 1791 quemad-

50 1809 191 1840 modum
217 1808 333 1840 eadem
358 1808 452 1840 initia
477 1808 684 1847 hahuerunt,
717 1817 789 1839 tum
826 1806 954 1839 scilicet
980 1821 1055 1840 cum
1080 1810 1187 1856 impe-

52 1869 140 1901 rium
163 1870 307 1902 tenuerit
332 1870 494 1909 Christus,
520 1879 552 1902 et
576 1869 766 1914 profligatis
783 1868 938 1908 inimicis,
964 1869 1094 1914 sibique
1110 1873 1188 1904 sub-

53 1930 158 1975 jectis,
177 1943 213 1963 ar,
231 1931 301 1976 ipsa
319 1931 419 1964 etiarn
433 1941 555 1971 morte,
574 1944 713 1973 regnum
733 1930 824 1963 Patri
842 1930 1028 1963 tradiderit.
1064 1931 1189 1965 Osten-

54 1992 104 2024 dit
129 1992 250 2025 deinde
275 1993 341 2025 suis
368 1994 541 2026 ordinibus
567 1994 719 2037 delapsas
745 1993 904 2038 quasdam
927 1992 1105 2026 rationales
1131 2008 1189 2028 na-

56 2064 155 2094 turas,
185 2054 257 2087 aliis
283 2054 383 2087 fuisse
409 2056 450 2088 ad
474 2056 659 2098 regendum
680 2055 829 2095 traditas,
858 2067 942 2100 quac
961 2054 1074 2087 locum
1092 2069 1188 2089 suurn

54 2116 259 2155 tenuissent,
304 2129 485 2162 earumque
529 2117 719 2150 salubribus
762 2115 948 2161 disciplinis
992 2117 1189 2151 reformatas

152 2245 181 2288 ¹)
207 2245 294 2278 Edd.
314 2245 413 2278 Huet.
430 2246 494 2278 hoc
511 2246 588 2278 loco
603 2255 636 2278 et
651 2259 742 2291 seqq.
763 2255 970 2278 constanter:
997 2246 1030 2278 in
1050 2260 1089 2278 co
1108 2256 1167 2278 cst.

99 2339 101 2342 Ι
147 2302 182 2343 ²)
209 2300 295 2333 ΕΜ.
322 2300 457 2333 fluctii:
485 2301 677 2334 multarum.

104 2360 282 2396 Omoms
307 2361 445 2395 Opem
473 2361 567 2396 Tou,
595 2363 726 2396 ΧΧΙΠ.
950 2363 992 2397 12
