1403 2492
378 94 690 129 omarum-nonum
718 92 831 126 Lmen
856 91 901 124 ΙΙ.
1127 90 1194 126 239

69 185 238 219 veteribus
260 183 472 229 philosophis
495 190 680 217 sumserant
711 181 968 221 marcionistae,
998 192 1137 224 eamque
1161 180 1196 213 in

67 247 195 281 Proclo
212 245 338 280 obterit
357 244 567 288 Philoponus
580 244 621 276 de
637 242 833 277 aeternitate
852 242 980 276 mundi.
1020 243 1065 275 At
1080 254 1197 287 quam-

67 308 116 342 vis
139 308 303 342 mundum
334 319 373 341 ex
403 305 542 339 materia
573 304 712 350 quidem
742 314 895 345 aeterna,
928 318 945 337 a
976 304 1053 336 Deo
1085 312 1197 336 tamen

69 370 244 403 conditum
275 367 395 402 dixerit
427 376 507 412 post
545 366 721 400 Socratem
752 367 868 408 Plato;
908 374 942 399 et
975 366 1010 398 in
1041 375 1198 410 tempore

67 443 203 476 quoque
235 439 382 464 creatum
411 428 642 468 affirmaverit,
681 438 719 461 ut
747 429 885 461 tradunt
917 428 1135 468 Ambrosius,
1165 436 1200 460 et

68 493 244 526 Zacharias
269 492 508 537 Mitylenaeus;
532 498 631 534 atque
662 490 708 523 ita
739 490 858 523 dixisse
890 503 966 522 eum
998 490 1198 523 Aristoteles

67 564 100 587 et
124 554 378 598 Theophrastus
402 551 610 591 censuerint;
642 551 809 584 Platonici
838 561 951 584 tamen
982 551 1200 591 recentiores,

67 626 105 649 ut
127 616 324 658 magistrum
348 627 444 647 suum
479 626 555 645 cum
585 612 769 646 Aristotele
801 613 1039 653 conciliarent,
1072 614 1200 646 sactum

67 678 204 722 quidem
236 677 400 711 mundum
431 675 550 708 dixisse
582 674 759 707 Platonem
783 676 991 715 fatebantur,
1023 684 1056 708 at
1079 675 1121 708 ab
1145 687 1201 707 ae-

66 749 185 780 tern03
208 739 293 771 adeo
318 746 356 770 ut
379 736 550 781 principio
565 736 728 781 temporis
747 746 885 777 careret,
909 737 967 770 sed
993 736 1201 781 principium

68 813 211 840 caussae,
235 800 348 833 Deum
372 811 495 842 nempe
521 798 678 840 haberet3
716 811 796 831 »nec
828 807 913 831 esset
946 799 1012 831 hoc
1042 798 1203 831 videlicet

66 861 248 909 temporis,
278 860 337 894 sed
367 860 614 893 substitutionis
644 859 778 892 initium
790 875 817 900 ,u
851 869 890 892 ut
920 860 966 893 ait
996 860 1201 902 Augustinus

67 924 142 957 libr.
167 924 209 956 X.
235 923 276 955 de
303 921 403 955 Civit.
428 921 495 954 Dei
520 934 592 966 cap.
618 920 690 961 31.,
715 921 772 965 qui
797 930 830 953 et
854 922 919 954 hoc
947 922 1202 967 comparatione

67 986 211 1030 quadam
242 983 403 1029 explicari
433 996 451 1016 a
483 983 667 1017 Platonicis
699 983 745 1016 ita
775 983 908 1017 scribit:
952 984 1068 1018 »Sicut
1101 983 1202 1024 enirn,

66 1047 241 1092 inquiunt,
272 1045 301 1079 si
324 1059 384 1090 pes
409 1058 447 1078 ex
470 1045 666 1078 aeternitate
690 1058 826 1090 semper
850 1045 966 1079 suisset
989 1046 1024 1079 in
1048 1046 1203 1090 pulvere,

66 1121 202 1153 semper
233 1107 264 1141 ei
295 1107 445 1141 subesset
475 1107 669 1149 vestigium3
708 1108 802 1152 quod
831 1116 944 1140 tamen
976 1107 1152 1149 vestigium
1185 1119 1203 1140 a

70 1170 219 1203 calcante
243 1169 372 1201 factum
393 1181 495 1200 nemo
521 1168 700 1208 dubitaret,
724 1182 787 1201 nec
812 1169 957 1202 alterum
978 1169 1086 1201 altero
1110 1167 1204 1212 prius

70 1240 175 1272 esset,
210 1229 361 1276 quamvis
390 1229 534 1263 alterum
565 1230 607 1262 ab
638 1230 744 1265 altero
776 1232 902 1263 sactum
936 1239 1038 1264 esset:
1064 1230 1129 1270 sic,
1153 1230 1204 1262 in-

70 1294 200 1339 quiunt,
224 1302 259 1326 et
280 1292 444 1331 mundus,
478 1300 577 1336 atque
609 1292 643 1324 in
668 1292 730 1325 illo
764 1292 824 1325 Dii
847 1292 968 1332 creati,
1008 1300 1041 1325 et
1069 1304 1204 1336 semper

70 1356 219 1395 fuerunt,
241 1366 375 1399 semper
399 1353 574 1386 exsistente
600 1354 657 1397 qui
683 1354 775 1397 fecit,
802 1363 835 1386 et
859 1363 971 1386 tamen
995 1354 1074 1387 facti
1093 1363 1201 1388 sunt«

71 1419 184 1462 Atque
207 1416 292 1450 hanc
315 1415 418 1449 fuisse
448 1414 599 1448 Platonis
633 1424 781 1448 mentem
814 1416 1020 1459 pertendunt
1041 1415 1204 1456 Boetius;

70 1478 268 1523 Simplicius
292 1478 393 1516 item,
418 1477 564 1516 Taurus,
583 1477 811 1524 Porphyrius,
837 1486 869 1509 et
893 1477 1050 1510 Proclus:
1076 1477 1206 1511 Censo-

72 1539 183 1579 rinus,
215 1539 399 1584 Apulejus,
427 1548 461 1572 et
483 1539 688 1572 Macrobius.
737 1539 878 1581 Vigente
903 1539 963 1572 hac
987 1538 1100 1583 itaque
1124 1537 1204 1572 Ori-

71 1600 162 1643 genis
184 1601 415 1647 temporibus,
448 1610 481 1634 et
512 1601 612 1643 vulgo
639 1600 726 1633 inter
749 1601 946 1635 Platonicos
969 1610 1106 1646 recepta
1129 1613 1204 1634 sen-

71 1662 185 1702 tentia,
210 1662 246 1695 in
271 1675 344 1695 eam
369 1675 504 1706 quoque
526 1662 586 1694 ille
612 1661 787 1695 concessit.

159 1724 199 1756 In
223 1723 367 1755 alterum
391 1736 515 1767 porro,
547 1724 588 1755 de
620 1732 784 1767 perpetua
807 1724 1011 1756 mundorum
1037 1736 1204 1768 propaga-

71 1784 165 1817 tione
189 1784 351 1829 placitum
376 1784 466 1816 unde
494 1784 649 1817 inductus
673 1784 732 1823 sit,
762 1783 790 1817 si
821 1785 894 1828 quis
926 1797 1086 1829 quaerere
1110 1784 1203 1818 velit·

74 1844 157 1878 nibil
181 1845 328 1878 occurrit
352 1845 565 1880 verisimilius
597 1859 697 1890 quam
728 1845 763 1878 id
793 1846 833 1878 ab
858 1858 899 1878 eo
925 1858 995 1878 esse
1020 1845 1202 1879 confictum

74 1907 116 1940 ad
140 1906 226 1939 illud
250 1906 464 1947 Stoicorum,
499 1908 592 1952 quod
624 1907 903 1949 conflagraturum
928 1908 1092 1940 mundum
1115 1907 1204 1940 hune

73 1968 199 2008 statuit,
222 1967 392 2014 aliumque
415 1969 493 2002 huic
518 1969 612 2002 omni
636 1982 675 2001 ex
699 1978 792 2013 parte
817 1968 1040 2009 consimilem,
1065 1969 1119 2001 vel
1143 1981 1203 2014 pa-

74 2043 149 2062 rum
174 2039 264 2063 certe
288 2030 533 2075 discrepantem
556 2030 790 2076 proditurum3
821 2031 906 2063 adeo
942 2040 980 2063 ut
1011 2043 1081 2063 non
1105 2029 1203 2076 hujus

75 2092 186 2125 solum
207 2092 346 2133 figuram
370 2092 502 2137 penitus
533 2094 674 2133 referat,
708 2093 767 2126 sed
798 2093 935 2126 eosdem
967 2092 1068 2126 etiam
1100 2105 1204 2132 casus,

76 2154 192 2186 eadem
218 2153 352 2195 omnia3
375 2155 550 2199 alteroque
573 2155 638 2188 hoc
663 2154 762 2187 etiam
788 2155 984 2195 combusto,
1007 2154 1111 2187 alium
1137 2154 1204 2187 ori-

75 2223 188 2247 turum
212 2224 347 2259 postea,
378 2228 415 2247 ac
440 2216 561 2249 deinde
585 2216 706 2255 alium,
739 2216 986 2249 renascentibus
1009 2228 1143 2260 semper
1166 2228 1204 2247 ac

77 2277 354 2320 conflagrantibus
370 2277 514 2311 mundis.
560 2277 729 2312 Platonici
753 2291 844 2318 vere,
869 2287 902 2311 et
925 2276 1137 2324 Pythagorei,
1161 2276 1202 2308 ab
