1403 2492
362 103 674 135 (ΜιοεΝιΑΝοκυΜ
701 100 812 133 Lmen
841 101 881 132 ΙΙ.
1116 99 1178 132 165

54 192 164 236 philus
189 192 221 223 in
251 191 416 236 Apologia
446 190 605 222 recitavit.
653 189 809 233 Denique
843 189 1072 233 Hieronymus
1098 190 1129 221 in
1148 191 1177 229 ¹)

54 253 196 297 epistola
221 253 272 286 59.
299 253 338 285 ad
368 252 512 290 Avitum,
538 263 610 295 cap.
638 251 683 289 1.,
715 250 885 294 scripsisse
918 250 1101 292 Origenem
1127 262 1178 281 re-

51 315 115 346 fert
139 315 172 346 in
196 314 261 346 fine
287 313 363 346 libri
388 313 487 358 primi
511 315 594 356 περὶ
619 311 760 357 ἀρχῶν,
792 312 936 344 animam
972 311 1176 356 quandoque

53 388 136 419 »pro
162 375 283 408 dolore
306 387 492 420 poenarum
518 382 550 406 et
573 373 657 415 ignis
681 374 820 413 ardore,
848 373 951 415 magis
984 372 1106 414 eligere
1138 381 1177 404 ut

49 436 185 468 brutum
210 435 331 469 animal
356 436 416 476 sit,
457 444 490 468 et
513 434 545 467 in
570 434 664 479 aquis
688 435 833 474 habitet,
869 444 903 467 et
926 433 1103 473 fluctibus,
1137 445 1175 465 ac

49 509 172 542 corpus
195 510 360 530 assumere
385 497 491 543 hujus,
517 496 568 528 vel
593 495 684 528 illius
707 496 870 541 pecoris«

137 559 213 591 Vll.
275 558 500 603 Multiplicem
539 567 801 590 commemorata
847 559 1003 600 dogmata
1038 556 1176 599 Origeni

48 619 342 664 exprobrationem
372 632 544 664 peperere.
596 620 683 651 lnter
712 619 776 652 alia
807 619 979 664 objectum
1012 618 1042 651 ei
1066 628 1177 651 narrat

47 681 242 726 Pamphilus
272 681 305 713 in
342 681 582 725 Apologetico,
619 694 752 723 negasse
784 681 882 713 illum
916 680 1065 713 scelestis
1089 680 1175 712 infe-

47 744 150 776 renda
173 742 357 787 supplicia;
381 743 473 787 quod
498 755 642 787 poenam
667 755 792 782 sensus,
813 752 851 774 ut
865 752 996 781 vocant,
1021 742 1175 774 videatur

45 804 227 843 sustulisse,
252 817 326 836 cum
351 803 461 846 ignem
493 813 663 836 aeternum
694 805 932 849 interpretatus
963 813 1013 836 est
1042 812 1175 848 pertur-

44 865 198 899 bationes
221 865 335 904 animi,
360 874 394 898 et
418 865 641 898 conscientiae
656 865 823 899 stimulos.
861 866 913 898 Eo
936 873 1088 910 spectant
1112 865 1174 898 ista

45 926 244 973 Hieronymi
263 926 344 960 libr.
370 927 432 960 ΙΠ.
457 927 490 960 in
515 927 610 972 epist.
635 927 676 959 ad
701 927 822 972 Ephes.
846 928 885 966 V,
909 927 939 961 6.
979 927 1088 971 »Quia
1113 926 1174 969 igi-

43 999 99 1023 tur
127 998 204 1022 sunt
233 988 405 1033 plerique,
437 988 494 1033 qui
525 989 656 1028 dicunt,
687 1001 757 1021 non
789 988 901 1021 sutura
932 1001 996 1033 pro
1027 988 1174 1033 peccatis

43 1064 112 1085 esse
137 1049 320 1095 supplicia,
344 1061 405 1081 nec
437 1049 638 1082 extrinsecus
668 1049 856 1082 adhibenda
887 1059 1078 1089 tormenta,
1114 1052 1173 1083 sed

41 1113 151 1157 ipsum
177 1121 364 1156 peccatum,
389 1119 422 1142 et
446 1110 684 1143 conscientiam
714 1111 830 1144 delicti
860 1123 930 1144 esse
963 1126 1026 1156 pro
1051 1125 1174 1156 poena,

44 1174 124 1205 dum
151 1172 271 1205 vermis
295 1171 327 1203 in
354 1172 455 1204 corde
479 1185 547 1203 non
571 1172 732 1211 moritur,
766 1181 798 1204 et
819 1173 851 1204 in
877 1174 989 1205 animo
1014 1174 1097 1215 ignis
1121 1188 1175 1207 ac-

43 1233 205 1272 cenditur,
230 1233 264 1265 in
287 1232 541 1265 similitudinem
565 1232 678 1272 febris,
703 1247 787 1278 quae
810 1247 880 1266 non
899 1244 1036 1280 torquet
1053 1237 1175 1269 extrin-

43 1308 138 1329 secus
161 1304 400 1337 aegrotantem,
424 1294 482 1326 sed
508 1306 651 1337 corpora
677 1294 747 1339 ipsa
772 1296 958 1340 corripiens
970 1297 1078 1340 punit,
1103 1297 1173 1331 sine

45 1357 253 1390 cruciatuum
279 1356 480 1388 extrinsecus
503 1355 729 1395 adhibitione,
762 1369 846 1400 quos
869 1357 1051 1400 possidet.«
1102 1361 1172 1392 No·-

42 1428 89 1452 tat
113 1427 284 1464 praeterea
314 1417 541 1462 Hieronymus
572 1415 606 1448 in
637 1416 734 1460 epist.
758 1416 811 1451 59.
843 1419 886 1450 ad
916 1420 1007 1453 Avit.
1041 1433 1114 1466 cap.
1141 1422 1172 1456 1.

43 1490 76 1515 et
99 1480 130 1517 3.
156 1489 190 1513 et
213 1479 257 1520 4.,
283 1478 465 1520 Origenem
487 1477 608 1510 dixisse
631 1477 757 1511 animas
781 1492 844 1524 pro
870 1480 1048 1514 criminum
1064 1484 1170 1516 modo

41 1541 257 1577 crassioribus
281 1540 466 1579 hominum,
493 1539 545 1571 vel
568 1539 810 1585 jumentorum,
828 1542 882 1574 vel
907 1542 1009 1576 etiam
1033 1545 1171 1578 daemo-

40 1617 121 1637 num
146 1601 345 1648 corporibus
367 1601 523 1641 immitti,
554 1601 755 1646 easdemque
785 1603 1018 1648 resipiscentes
1047 1607 1089 1639 ad
1113 1620 1165 1640 an-

41 1666 194 1708 gelorum
216 1673 370 1696 naturam
394 1663 524 1696 redire:
549 1664 641 1707 quod
665 1663 730 1710 jam
756 1665 1016 1701 observavimus.
1065 1669 1171 1702 Addit

43 1740 114 1772 cap.
138 1725 182 1766 2„
206 1732 375 1758 tormenta
399 1736 476 1756 eum
501 1733 535 1756 et
564 1724 674 1767 ignem
707 1726 878 1766 gehennae
905 1727 940 1760 in
965 1729 1171 1763 conscientia

42 1798 261 1833 peccatorum
292 1786 383 1818 libro
409 1786 450 1818 ll.
483 1787 564 1831 περὶ
595 1785 718 1830 ἀρχῶν
748 1787 919 1830 posuisse3
949 1791 1042 1834 quod
1072 1791 1172 1825 iterat

48 1849 148 1894 Apol.
172 1849 203 1883 2.
230 1861 301 1892 cap.
328 1848 369 1886 1.,
394 1856 427 1879 et
451 1846 484 1878 in
511 1847 769 1880 Commentariis
794 1848 826 1881 in
852 1849 946 1894 epist.
980 1851 1022 1883 ad
1046 1851 1168 1896 Ephes.

46 1924 119 1955 cap.
144 1910 174 1944 5.
200 1918 233 1942 et
256 1909 288 1943 6.
343 1908 506 1952 Queritur
537 1921 673 1953 quoque
706 1911 795 1954 apud
826 1911 1047 1953 Augustinum
1081 1914 1168 1947 Oro-

45 1972 111 2005 sius
136 1971 170 2003 in
204 1969 494 2008 commonitorio,
532 1969 653 2014 jactare
685 1971 804 2004 solitos
835 1972 1039 2014 Origenistas
1069 1989 1169 2020 quos—

45 2036 132 2071 dam,
162 2032 288 2074 »ignem
313 2040 502 2069 aeternum.
543 2045 609 2075 quo
642 2043 834 2075 peccatores
868 2035 1065 2078 puniantur,
1101 2051 1169 2072 non

46 2108 113 2127 esse
140 2094 248 2135 ignem
270 2105 402 2131 verum,
436 2093 601 2133 dicentes,
634 2094 759 2126 dictum
786 2108 854 2127 esse
880 2096 988 2138 ignem
1012 2100 1170 2143 propriae

45 2153 267 2188 conscientiae
292 2153 520 2197 punitionem;
553 2166 589 2186 ac
630 2155 674 2187 sic
708 2169 823 2190 omnes
856 2168 1071 2202 peccatorum
1103 2162 1171 2193 ani-

143 2277 173 2318 ¹)
200 2275 259 2308 Ed.
289 2275 326 2307 R.
354 2276 438 2308 male
465 2276 496 2308 in
523 2276 665 2321 epistola
687 2276 740 2311 95.
