1403 2492
389 100 701 133 omem-mmmm
726 94 836 128 Lmen
861 94 903 130 11,
1150 92 1194 127 27

66 191 142 231 ubi,
177 199 312 235 praeter
334 189 368 223 S.
393 188 611 227 Trinitatem,
649 184 851 229 corporibus
882 183 1012 228 reliqua
1044 192 1196 216 constare

67 253 196 286 asserit:
222 261 256 285 et
280 250 436 284 Cassiano
463 249 584 282 Collat.
610 248 639 282 7.
665 260 737 291 cap.
763 246 835 286 13.,
864 245 923 278 ubi
952 245 1077 278 animas
1100 245 1198 290 spiri-

66 314 173 347 tuales
199 313 336 358 quidem
361 323 430 343 esse
454 310 595 350 fatetur,
625 308 841 352 incorporeas
864 316 978 348 negat:
1011 315 1043 339 ct
1068 307 1118 339 his
1141 321 1198 340 an-

66 374 205 420 tiquiori
230 373 413 407 Theodoto
439 373 472 403 in
497 369 672 415 Excerptis
706 370 748 402 ad
773 367 958 402 Clementis
981 369 1199 403 Alexandrini

67 436 195 469 calcem
210 434 358 481 adjectis,
381 433 439 465 ubi
456 433 582 465 animas
606 431 782 464 hominum
808 442 987 474 corporeas
1012 443 1082 463 esse
1107 432 1198 464 affir-

66 506 152 530 mat:
179 506 211 529 et
236 495 414 529 Methodio
438 494 503 539 ipsi
528 492 681 535 Origenis
705 491 893 524 adversario
924 491 1014 536 apud
1038 492 1197 526 Photium

68 557 154 591 Cod.
178 556 266 596 234„
289 556 349 588 ubi
371 556 496 588 animas
520 568 589 588 esse
614 554 660 587 ait
684 566 828 598 corpora
853 551 972 596 νοερά,
996 552 1030 585 in
1048 556 1199 588 membra

67 619 196 652 ratione
235 616 475 661 adspectabilia
513 617 680 649 discretas.
741 616 819 660 Ipse
854 613 954 646 etiarn
994 615 1198 656 Augustinus

68 679 221 725 opinioni
246 678 321 711 huic
346 679 424 711 licet
446 678 611 718 infensus,
647 677 761 722 aliquo
791 685 902 709 tamen
932 688 1032 708 sensu
1054 676 1200 709 animam

67 754 189 786 corpus
219 753 290 773 esse
322 740 445 772 fatetur
477 752 532 783 ep.
556 738 609 773 28.
658 740 701 771 At
734 739 775 770 ab
807 750 848 770 eo
880 737 1029 770 discessit
1057 738 1200 771 Faustus

65 801 235 841 Reiensis,
270 800 457 845 animisque
482 813 625 845 corpora
649 801 761 845 palam
785 799 930 839 affinxit,
968 812 1068 844 quem
1092 799 1199 832 tribus

66 863 159 896 libris
185 875 335 895 errorem
359 861 449 895 ultus
475 871 523 894 est
549 861 753 895 Claudianus
776 863 973 895 Mamertus.

155 924 262 967 Magis
292 923 379 956 illud
409 936 489 955 vero
524 924 567 955 ad
591 923 814 956 excusandum
840 921 1021 963 origenem
1045 923 1200 955 conferre

65 996 195 1031 posset,
229 985 322 1031 quod
354 985 519 1029 scriptum
555 985 596 1017 ab
636 997 676 1017 eo
715 993 764 1016 est
795 983 924 1017 Homil.
951 983 974 1016 I.
1010 982 1043 1015 in
1076 983 1200 1016 Genes-

66 1060 157 1080 num.
185 1047 256 1087 13.,
285 1047 344 1079 uhi
373 1046 566 1086 hominem,
597 1045 655 1090 qui
688 1046 729 1078 de
762 1045 844 1077 limo
875 1055 982 1077 terrae
1013 1045 1110 1077 fictus
1142 1054 1202 1084 est,

67 1121 271 1153 corporeum
294 1108 466 1140 hominem
493 1120 562 1141 esse
587 1107 687 1148 dicit·‚
724 1106 781 1151 qui
811 1115 925 1139 autem
955 1107 998 1139 ad
1021 1105 1202 1148 imaginem

68 1169 135 1202 Dei
167 1170 321 1202 conditus
353 1179 419 1210 est,
451 1169 660 1213 spiritualem
694 1181 764 1200 esse
797 1181 874 1200 eum
902 1175 935 1200 et
959 1179 1103 1200 crassum
1128 1181 1203 1200 cor-

69 1244 171 1275 pore;
203 1231 300 1263 ilium
333 1230 531 1263 exteriorem
557 1229 728 1261 hominem
754 1242 840 1268 esse,
878 1228 966 1260 hunc
992 1228 1201 1262 interiorem.

72 1293 136 1326 »Si
161 1292 216 1337 qui
241 1305 320 1325 vero
347 1294 434 1324 hunc
459 1305 661 1336 corporeum
686 1299 806 1335 putent
837 1302 926 1329 esse,
959 1290 1016 1334 qui
1045 1292 1087 1323 ad
1109 1291 1202 1334 ,ima-

69 1353 180 1395 ginem
207 1363 239 1386 et
262 1353 518 1386 similitudinem
543 1353 610 1385 Dei
634 1354 741 1385 iactus
766 1360 832 1390 est,
856 1352 969 1383 Deum
993 1351 1104 1395 ipsum
1129 1366 1204 1385 cor-

69 1427 223 1459 poreum,
249 1424 282 1447 ct
304 1415 467 1446 humanae
491 1414 620 1445 formae
645 1413 780 1445 videtur
804 1412 976 1454 inducere;
1013 1415 1105 1457 quod
1129 1428 1204 1447 sen-

70 1476 133 1508 tire
159 1476 200 1508 de
225 1476 302 1508 Deo
327 1475 597 1509 manifestissime
621 1474 765 1519 impium
791 1483 884 1506 esu«
911 1483 944 1506 et
967 1473 1042 1509 libr.
1063 1476 1092 1510 1.
1117 1480 1204 1522 περὶ

71 1539 212 1584 ἀρχῶν,
239 1551 310 1584 cap.
340 1539 368 1573 1.
393 1552 486 1572 num.
511 1538 542 1572 7.
591 1536 655 1570 »Si
679 1536 737 1581 qui
759 1544 871 1568 autem
902 1545 997 1576 sunt,
1029 1537 1086 1582 qui
1111 1551 1204 1571 men-

68 1610 137 1634 tem
161 1600 269 1645 ipsam
293 1599 507 1644 animamque
533 1612 657 1643 corpus
673 1611 742 1631 esse
764 1596 978 1638 arbitrentur,
1001 1598 1102 1631 velim
1121 1600 1205 1633 mihi

71 1663 332 1707 responderent,
356 1661 531 1705 quomodo
557 1670 722 1693 tantarum
747 1672 877 1699 rerum,
907 1668 975 1691 tam
1001 1660 1205 1701 difficilium,

72 1733 207 1768 tamque
231 1722 406 1756 subtilium
431 1722 594 1761 rationes,
619 1721 883 1765 assertionesque
906 1721 1069 1765 recipiat?
1106 1724 1205 1757 Unde

73 1785 104 1818 ei
127 1786 232 1818 virtus
256 1783 490 1817 memoriae?«
550 1783 595 1816 Et
626 1783 660 1815 in
692 1782 907 1826 Protreptico
938 1783 980 1815 ad
1005 1784 1207 1831 RIartyrium

73 1860 164 1880 num.
188 1847 241 1882 47.
273 1843 353 1880 ”Eu
377 1846 416 1880 δὲ
441 1848 502 1880 καὶ
528 1848 699 1891 (pel-ogasti
721 1841 935 1889 ἅνθρωπος,
969 1849 1107 1890 πεῖσμα
1138 1850 1207 1881 λα..

74 1907 150 1953 βών
174 1911 257 1953 περὶ
283 1908 405 1948 οἰσίας
428 1909 577 1953 λογικῆς
600 1908 739 1950 ψυχῆς,
771 1905 818 1944 ὠς
841 1903 992 1950 ἐχούσης
1013 1919 1046 1941 τι
1072 1919 1209 1954 συγγε-

77 1971 135 2009 νὲς
167 1973 260 2015 θεῷ·
294 1969 401 2015 νοερὰ
441 1969 515 2015 γὰρ
552 1966 702 2013 ἑκάτερα
741 1969 801 2002 καὶ
836 1967 993 2013 ἀόρατα,
1028 1971 1088 2003 καὶ
1117 1969 1164 2010 ὥς
1187 1970 1206 2006 ὀ

79 2033 283 2079 ἐπικρατῶν
313 2031 552 2066 ἀποδείκνυσι
591 2029 718 2076 λόγος,
764 2028 959 2074 ἀσώματα·
1001 2039 1035 2062 et
1070 2031 1147 2066 libr.
1177 2032 1209 2067 6.

80 2103 187 2128 contr.
211 2093 349 2127 Celsum
372 2107 464 2126 num.
490 2093 543 2127 71.
576 2090 666 2126 κατὰ
699 2092 737 2126 δὲ
770 2089 866 2136 ἡμᾶς
887 2093 949 2125 καὶ
973 2091 1038 2136 τὴν
1060 2093 1212 2138 λογικὴν

81 2155 205 2201 ψυχὴν
229 2157 475 2200 πειρωμένους
498 2152 759 2189 ἀποδεικνύναι.
786 2157 971 2198 κρείττονα
996 2152 1114 2198 πάσης
1137 2167 1212 2190 σω-

79 2219 231 2263 ματικῆς
264 2215 426 2263 (φύσεως,
460 2219 521 2250 καὶ
551 2215 678 2250 οὐσίαν
704 2213 878 2260 ἀόρατον,
912 2218 973 2249 καὶ
997 2215 1210 2261 ἀσώματον·

81 2288 115 2312 et
139 2279 171 2312 in
189 2280 268 2312 Luc.
289 2280 350 2323 Xi,
377 2278 429 2314 34.
457 2291 473 2310 e
489 2277 612 2310 Catcua
628 2276 816 2310 Mazariuac
834 2277 1089 2311 Bibliothecae:
1112 2278 1209 2314 ’Em‘-
