1403 2492
351 141 661 172 Ouioemimonum
689 138 800 170 Lmen
825 137 870 170 Π.
1131 139 1176 174 97

42 227 156 260 enahin
181 227 351 267 missione,
377 241 461 272 quae
487 227 520 260 in
551 227 754 260 Pentecoste·
777 226 936 268 contigit,
973 229 1173 272 suppetebat

40 288 104 334 ipsi
130 299 238 322 tamen
264 289 365 331 gratia
391 289 521 328 divina,
553 301 613 333 per
645 288 808 333 Spiritum
842 297 994 321 sanctum
1026 300 1170 332 erogat-a,

39 364 106 395 qua
131 350 301 384 Christum
326 351 480 393 neglecto
506 350 623 382 mortis
650 350 805 394 periculo
839 359 974 394 poterat
1004 353 1171 395 profiteri.

37 412 134 445 Ferri
166 425 244 455 ergo
277 426 356 459 non*
385 421 497 456 potest
535 412 626 456 quod
667 411 804 456 subjicit
836 412 1018 453 Origenes:
1063 414 1173 447 »Pro-

39 484 152 518 pterea
170 487 238 507 non
258 484 327 507 erat
341 473 521 518 possibile,
545 486 655 518 neque
679 473 777 505 illum
801 473 903 505 talem
929 473 1067 508 Petrum
1091 486 1172 509 tunc

36 536 151 568 Jesum
177 535 349 577 confiteri;
371 548 434 568 nec
459 544 568 568 tamen
593 534 891 578 reprehendendus
917 545 986 568 erat
1003 549 1071 569 non
1091 551 1171 571 con-

37 598 132 630 fitens
164 599 323 632 Jesum.«
372 599 442 630 Nec
473 611 490 630 a
514 597 617 630 Petro
642 597 753 629 solum
777 605 856 629 tunc
892 597 1037 630 abfuisse
1075 609 1171 643 putat

37 659 201 704 Spiritum
226 669 393 698 sanctum,
425 660 483 692 scd
515 658 660 691 adfuisse
693 657 792 690 etiam
818 657 990 702 spiritum,
1023 659 1170 704 Spiritus

34 721 130 767 hujus
154 721 339 761 inimicum,
364 733 463 765 quem
488 720 528 753 iis
553 720 746 764 impertitur
770 720 881 760 Deus,
912 730 998 765 quos
1022 734 1088 766 ope
1112 737 1172 756 sua

32 783 207 816 sublevare
234 782 314 823 vult,
340 783 440 815 docet
466 783 554 815 idem
581 782 670 815 Tom
706 782 781 814 ΧΗ.
807 781 840 813 in
859 781 978 814 Matth.
1004 796 1096 817 num.
1114 785 1169 820 40.

125 845 238 878 XXII.
275 845 517 877 Verumtamen
544 844 624 876 lieet
648 843 830 888 aliquando
848 843 969 876 divinis
984 857 1052 878 non
1069 858 1171 890 posse

31 907 194 939 mandatis
219 907 446 951 obtemperari
472 906 611 939 definire
636 905 723 938 visus
747 905 800 945 sit,
826 905 1031 938 contrarium
1056 916 1167 941 tamen

33 968 159 1000 occinit
188 968 290 1001 Hom.
318 968 378 1002 IX.
409 968 445 1000 in
469 969 593 1008 Josue,
632 980 723 1000 num.
749 967 782 1001 9.
817 969 1012 1007 »Annon,«
1047 968 1166 1013 inquit,

35 1029 123 1062 »tibi
156 1030 289 1063 videtur
318 1030 407 1063 inter
437 1029 595 1062 mulieres
629 1029 866 1062 existimandus
897 1028 957 1061 ille
996 1029 1064 1070 vir,
1110 1032 1166 1076 qui

33 1091 129 1124 dicit:
160 1093 237 1125 Non
268 1105 405 1137 possum
432 1093 609 1124 observare
635 1104 719 1136 quae
750 1092 872 1135 scripta
897 1100 990 1130 sunt,
1022 1094 1167 1126 vendere

32 1166 116 1198 quae
141 1153 266 1193 habeo,
299 1163 332 1186 et
357 1155 434 1186 dare
462 1153 665 1197 pauperibus
691 1165 759 1184 non
785 1165 1024 1196 possum....‚
1056 1163 1167 1188 cetera

31 1214 152 1247 similia
178 1228 261 1259 quae
286 1216 504 1252 mandantur,
537 1214 594 1258 qui
619 1214 719 1246 dicit:
753 1214 897 1258 implere
921 1227 989 1245 non
1015 1227 1166 1259 possum,

31 1277 109 1321 quid
137 1277 196 1309 tibi
224 1277 357 1309 videtur
381 1276 490 1313 aliud.
521 1288 621 1320 quam
646 1276 733 1307 inter
757 1275 933 1314 mulieres,
970 1288 1054 1319 quae
1080 1277 1165 1310 nihil

30 1339 126 1371 virile
145 1348 294 1383 possunt,
323 1351 391 1370 esse
407 1338 633 1369 numerandus
643 1336 675 1369 ?«
703 1336 745 1368 Et
759 1336 859 1368 Tom.
876 1337 968 1369 XIV.
993 1336 1027 1369 in
1043 1338 1163 1373 Mauh.

28 1414 118 1432 num.
143 1399 211 1440 25„
236 1409 268 1432 et
295 1400 395 1432 Tom.
416 1399 491 1430 XV.
517 1412 608 1430 num.
634 1399 663 1431 5.
689 1410 967 1442 unumquemque
993 1398 1075 1432 dicit
1100 1399 1162 1433 ima

27 1471 158 1505 petrare
182 1474 282 1506 posse
306 1474 324 1492 a
345 1461 422 1492 Deo
453 1460 580 1492 donum
608 1459 775 1498 castitatis,
804 1459 955 1503 quamvis
979 1460 1162 1507 unicuique

28 1535 222 1555 concessum
253 1535 322 1555 non
351 1522 402 1554 sit.
466 1522 643 1566 Repugnat
674 1530 847 1565 praeterea
886 1533 984 1566 supra
1015 1535 1032 1555 a
1063 1525 1162 1556 nobis

27 1594 207 1628 expensum
239 1585 378 1626 dogma,
416 1596 483 1628 quo
515 1582 621 1629 justos
653 1583 808 1621 ἀπαθεῖς
839 1595 911 1616 esse
932 1584 1054 1625 tradit;
1078 1591 1162 1619 ham

29 1659 104 1679 cum
141 1659 179 1679 ex
220 1646 318 1678 variis
360 1645 578 1684 testimoniis,
623 1644 795 1689 ipsiusque
828 1643 928 1677 etiam
960 1645 1162 1693 Hieronymi

27 1707 224 1740 auctoritate
255 1707 510 1752 probaverimus
543 1706 577 1738 in
609 1706 674 1738 hoc
706 1719 819 1739 errore
845 1716 1012 1740 versatum
1038 1708 1159 1750 Orige-

26 1780 121 1808 nem,
145 1769 320 1814 quomodo
347 1768 442 1800 alteri
467 1768 555 1807 huic,
580 1781 680 1811 quem
705 1768 953 1810 investigamus,
979 1770 1160 1803 adhaerere

25 1830 154 1874 potuit,
179 1831 333 1862 mandata
357 1829 424 1862 Dei
450 1829 561 1860 omnia
587 1841 627 1860 ne
654 1828 705 1860 vix
731 1829 867 1872 quidem
892 1831 1015 1862 servari
1041 1832 1161 1874 posse?

27 1892 112 1923 Nam
136 1892 161 1923 si
187 1891 310 1924 servari
334 1891 488 1923 mandata
513 1903 580 1922 non
611 1899 903 1934 possunt‚=³nemo
927 1901 1043 1935 potest
1067 1905 1160 1925 man-

27 1952 112 1985 datis
135 1965 204 1984 non
227 1953 395 1994 refragari,
421 1966 458 1985 ac
482 1964 582 1984 nemo
608 1950 753 1995 proinde
777 1958 1158 1997 potest-non'peccare

27 2013 123 2056 Quae
155 2027 231 2046 cum
266 2027 302 2046 ex
336 2015 475 2046 adverso
502 2013 660 2058 opposita
686 2025 754 2045 esse
780 2012 973 2053 videantur,
1005 2014 1052 2047 sic
1079 2028 1158 2047 con-

26 2075 135 2107 ciliata
161 2076 200 2107 ab
226 2075 287 2107 illo
313 2075 413 2107 fuisse
438 2075 600 2120 suspicor,
626 2075 780 2113 ἀπαθεῖς
806 2074 942 2119 quidem
966 2087 1035 2108 esse
1053 2076 1158 2121 justos

25 2136 178 2169 homines
204 2149 240 2169 ac
264 2136 452 2181 perfectos,
476 2150 575 2182 posse
602 2149 659 2169 eos
683 2149 752 2169 non
776 2149 933 2181 peccare,
965 2136 1085 2169 divinis
1110 2138 1157 2170 le-

25 2199 119 2241 gibus
161 2211 278 2243 parere
322 2210 440 2243 posse3
482 2199 632 2243 reliquos
668 2210 748 2230 vero
786 2198 1155 2244 homines'praecepta

25 2261 137 2293 omnia
161 2273 292 2293 servare
316 2272 383 2291 non
401 2272 516 2303 posse:
543 2269 619 2292 nam
647 2260 760 2292 »illud
776 2260 930 2302 Origenis
947 2261 1152 2304 proprium«

24 2322 123 2353 su‘isse
147 2322 286 2354 tradidit
309 2320 534 2366 Hieronymus
552 2322 708 2354 Prooem.
737 2322 857 2364 dialog⁴
885 2323 1011 2355 advers.
1031 2322 1153 2363 pelag..

69 2382 245 2417 Oaioems
270 2391 409 2423 OPERA.
437 2383 531 2416 Tou.
558 2384 675 2416 ΧΧΙΙΙ
932 2383 951 2417 7
