1403 2492
390 84 705 117 Omcsnmnonum
730 80 847 133 Lmen·
871 79 910 112 11.
1140 76 1205 112 135

69 185 140 215 tur,
178 184 215 207 ut
245 174 328 207 nihil
361 187 498 218 prorsus
529 171 698 216 reliquum
728 169 932 203 substantiae
970 179 1047 200 suae
1078 165 1200 198 habere

67 238 232 271 credatur.
279 237 349 269 Nos
374 247 475 273 vero,
510 232 567 278 qui
598 232 880 265 resurrectionem
913 229 984 275 ejus
1015 227 1196 270 credimus,

66 297 336 332 immutationem
368 295 437 340 ejus
469 295 705 327 tantummodo
730 302 807 338 post
831 301 976 325 mortem
1002 291 1124 324 factam
1149 289 1200 321 in-

64 360 258 402 telligimus,
282 357 498 391 substantiam
533 369 612 388 vero
646 355 716 401 ejus
747 365 877 388 certum
911 363 960 386 est
990 363 1199 397 permanere,

66 431 98 454 et
123 421 296 454 voluntate
322 418 489 453 Creatoris
512 417 575 456 sui,
601 427 761 462 certoque
788 426 942 461 tempore
966 427 1078 447 rursus
1103 426 1198 457 repa-

64 483 129 515 rari
153 483 195 515 ad
220 481 333 522 vitam,
356 490 454 525 atque
479 479 603 512 iterum
627 479 912 523 permutationem
944 476 1014 522 ejus
1040 474 1130 514 fieri,
1160 483 1199 506 ut

65 557 148 589 quae
172 544 283 589 primo
309 543 372 575 fuit
397 555 473 574 caro
500 554 538 574 ex
561 549 649 573 terra
672 551 822 580 terrena,
846 549 919 572 tum
943 539 1065 570 deinde
1091 537 1197 569 disso-

65 606 133 638 luta
157 614 234 650 post
255 613 412 643 mortem,
441 612 475 635 ct
498 602 620 635 iterum
645 603 732 635 facta
758 601 839 634 cinis
864 614 902 633 ac
926 609 1032 633 terra:
1061 611 1197 643 »»quo-

61 663 197 711 niam¹)
218 675 308 698 terra
331 678 430 705 es,‹⁸«
461 664 591 709 inquit,
627 679 666 696 υ»
678 673 711 696 et
742 663 774 696 in
810 671 933 695 terram
957 661 1088 694 ibis:««
1123 672 1196 691 rur-

61 741 134 760 sum
159 726 374 760 resuscitetur
398 740 415 759 e
439 735 545 767 terra;
578 734 612 758 et
635 734 712 770 post
740 725 805 757 hoc
828 723 893 770 jam
919 724 1009 756 velut
1034 722 1194 754 meritum

58 787 274 822 inhabitantis
295 788 425 821 animae
458 788 674 832 poposcerit,
704 786 738 819 in
773 786 878 828 gloria
905 785 1059 830 corporis
1090 782 1195 827 profi—

60 851 125 884 ciet
147 849 342 895 spiritualis.
355 865 371 880 «
422 851 553 894 Nempe
586 849 639 882 hic
665 861 820 894 quoque,
850 857 888 880 ut
918 847 952 880 in
975 847 1049 880 aliis
1074 844 1194 890 pleris-

60 925 125 959 que
148 912 213 945 sibi
235 920 461 947 nonconstat
485 911 666 953 Origenes,
692 920 725 943 et
749 911 854 943 modo
880 909 956 951 has,
986 909 1092 941 modo
1116 907 1193 939 illas

58 984 205 1008 sectatur
226 982 355 1019 partes,
395 981 429 1005 et
458 982 497 1005 ut
528 972 561 1005 in
592 973 692 1005 rebus
723 972 938 1005 adolescente
963 970 1072 1003 adhuc
1097 967 1194 1002 Chri-

56 1037 226 1071 stianismo
249 1035 483 1074 subobscuris,
506 1044 541 1067 et
563 1035 714 1067 nondum
745 1047 808 1079 per
840 1033 1015 1066 ecclesiam
1047 1030 1195 1064 definitis

56 1098 169 1132 animo
194 1098 363 1139 indulget,
398 1106 431 1130 et
461 1096 625 1141 quidquid
657 1096 721 1129 sibi
745 1109 809 1140 pro
838 1106 994 1141 tempore
1018 1095 1056 1127 fit
1080 1091 1195 1126 verisi-

55 1160 180 1200 milius,
203 1158 332 1203 arripit.
377 1157 478 1191 Unde
501 1171 544 1190 ne
568 1157 639 1201 ipse
663 1157 802 1202 quidem
828 1157 982 1199 Origenis
1006 1155 1195 1197 castigator,

57 1220 272 1261 Methodius‚
307 1219 377 1252 sine
408 1219 629 1264 cespitatione
665 1219 732 1252 hoc
761 1228 993 1261 argumentum
1025 1214 1191 1254 tractavit,

59 1284 213 1317 homines
237 1283 363 1324 fingens
386 1290 464 1326 post
487 1280 767 1313 resurrectionem
800 1281 1007 1313 habitaturos
1037 1279 1071 1310 in
1102 1286 1191 1310 terra

57 1345 123 1392 jam
148 1346 337 1383 instaurata,
362 1352 398 1376 et
420 1355 482 1387 per
504 1347 615 1375 aerem
640 1342 960 1387 temperatissimum
985 1339 1189 1373 ambientem

55 1408 91 1441 in
115 1406 238 1440 melius
263 1413 408 1443 mutata,
441 1413 475 1436 et
504 1403 538 1436 in
571 1403 722 1436 Paradisi
754 1403 884 1437 deliciis
908 1405 1043 1436 beatum
1069 1413 1189 1434 aevum

55 1478 208 1508 actui-0⁵3
238 1464 362 1508 angelis
393 1474 508 1497 autem
541 1465 704 1498 coelestes
743 1466 842 1498 orbes
882 1465 1084 1499 destinatum
1119 1474 1189 1496 esse

56 1528 279 1564 domicilium.
334 1526 521 1560 Eusebium
553 1540 689 1572 quoque
723 1527 878 1570 Origenis
910 1525 1108 1572 partiat-ium
1136 1536 1190 1557 re-

53 1590 296 1626 surrectionem
319 1597 535 1621 mortuorum
556 1589 730 1622 sustulisse
760 1599 872 1622 narrat
898 1588 1044 1623 vPhotius
1074 1587 1109 1620 in
1134 1599 1188 1631 ep.

55 1654 197 1700 quadam
219 1651 262 1684 ad
293 1649 562 1683 Constantinum.
617 1652 656 1683 ln
689 1651 837 1696 ejusdem
871 1651 994 1683 erroris
1025 1648 1190 1694 suspicio-

53 1728 130 1748 nem
154 1722 273 1746 mutuo
297 1723 369 1744 sese
394 1720 518 1744 vocant
541 1712 767 1758 Hieronymus
793 1723 826 1746 et
840 1713 991 1752 Rufinus,
1016 1724 1117 1756 quem
1140 1719 1189 1743 ta-

55 1788 132 1808 men
153 1784 296 1819 uterque
328 1785 458 1805 summa
489 1786 567 1806 cura
601 1773 730 1806 diluere
765 1784 914 1807 conatur.
968 1773 1056 1807 Huic
1088 1772 1187 1805 etiam

55 1836 238 1869 adhaesisse
279 1834 466 1868 Arnobium
504 1835 688 1868 verisimile
728 1845 792 1868 est:
829 1836 874 1868 ait
910 1835 999 1868 enim
1037 1834 1187 1867 {ibn—ll.

57 1907 164 1931 contr.
188 1897 288 1930 Gent.
338 1896 506 1930 »Audetis
531 1897 645 1930 videre
671 1911 748 1937 nos,
773 1898 864 1942 quod
897 1906 1112 1930 mortuorum
1138 1896 1186 1929 di-

56 1973 168 1993 camus
193 1958 473 1991 resurrectionem
498 1959 666 1999 futuram,
702 1971 802 2004 quam
827 1959 964 2004 quidem
988 1972 1050 1992 nos
1074 1959 1188 1991 dicere

55 2021 276 2060 conflictuum
309 2021 366 2052 sed
390 2033 408 2052 a
432 2021 527 2053 vobis
551 2021 667 2061 aliter,
693 2034 791 2066 quam
817 2021 1014 2060 sentiamus,
1045 2020 1185 2055 audiri«

57 2082 162 2126 Quod
187 2081 276 2113 idem
301 2090 352 2112 est
378 2094 416 2114 ac
439 2082 526 2115 illud
556 2082 729 2124 origenis,
766 2083 872 2116 carnis
905 2082 1187 2116 resurrectionem

56 2157 125 2177 esse
151 2141 292 2176 dicentis
319 2140 389 2176 ὕπὸ
416 2147 485 2177 τῶν
510 2149 759 2190 συνετωτέρων
783 2144 998 2189 τρανότερον
1012 2148 1185 2188 νενοημέ-

154 2270 186 2313 ¹)
211 2269 332 2302 Genes.
359 2271 417 2309 lll.
445 2272 494 2305 19.
