1403 2492
389 91 699 124 Omcnmmonum
723 88 837 121 LIBER
862 87 906 122 11.
1154 86 1197 120 25

69 187 144 223 τοῖς
175 184 287 221 θείοις
317 181 477 227 ἑπομένη
507 178 629 226 λόγοις
658 176 789 224 φάσκει
824 177 890 221 τὴν
914 175 1037 222 ψυχὴν
1060 177 1197 220 συνδη-

69 246 338 291 μιουργηῧῆναι
363 245 411 289 τῷ
436 240 595 286 σώματι·
620 243 680 275 καὶ
706 239 747 276 οὐ
771 239 811 274 τὸ
835 241 905 284 μὲν
929 237 1124 284 πρότερον,
1157 238 1196 272 τὸ

70 308 110 342 δὲ
137 305 304 352 ὕστερον,
330 303 420 340 κατὰ
444 302 510 347 τὴν
531 303 738 348 Ὡριγένους
762 298 1060 347 (φρενοβλάβειαν.
1103 299 1198 342 Quid

70 368 98 401 si
129 368 278 400 dicamus
312 367 412 409 igitur
447 365 597 410 quintam
631 363 796 409 synodum
826 375 895 394 non
933 362 1011 395 ideo
1049 361 1198 406 praecise

70 430 239 462 damnasse
265 428 419 471 Origenis
443 425 651 465 sententiam,
676 425 769 470 quod
793 424 978 457 animarum
1003 424 1200 456 defenderet

73 488 321 536 προΰπαρξιν,
355 490 414 522 sed
439 489 530 534 quod
563 497 692 520 mentes
716 496 888 531 praeterea
912 485 1012 518 fuisse
1036 485 1110 517 illas
1134 495 1200 518 tra-

73 552 180 591 deret,
204 560 236 584 et
259 560 386 584 sanctas
411 550 561 589 virtutes,
587 562 667 593 quas
693 562 769 580 cum
793 546 1091 591 contemplationis
1116 546 1202 578 divi-

69 625 130 645 nae
153 612 250 645 satias
273 611 425 656 cepisset,
449 611 483 644 in
509 610 655 643 deterius
677 622 747 642 esse
765 622 952 648 conversas,
977 617 1009 641 ct
1025 609 1066 640 ab
1083 621 1199 640 amore

70 673 137 706 Dei
160 673 340 713 refrixisse,
371 673 517 718 indeque
544 670 666 716 ψυχάς
691 684 761 703 esse
783 671 905 710 dictas,
939 680 972 703 et
996 670 1030 702 in
1056 683 1200 714 corpora

69 735 195 768 tutelae
220 748 331 768 caussa
354 734 521 767 dimissas:
551 733 599 766 sic
625 733 714 766 enim
739 733 838 765 habet
861 731 1042 766 ‚Iustiniani
1068 732 1201 763 anathe—

69 796 239 829 matismus
262 796 437 829 secundus.

157 857 255 891 XIII.
299 858 436 891 Animas
465 857 598 902 quando
631 856 782 889 conditas
813 854 998 901 putaverit,
1039 855 1200 889 vidimus:

71 918 185 963 quales
214 919 300 964 ipsas
333 920 515 959 censuerit,
549 928 759 963 corporatas,
791 931 831 950 an
863 930 1008 961 corpore
1041 927 1200 957 carentes,

70 980 251 1015 videamus.
299 982 392 1014 Haec
414 981 584 1025 superflua
606 993 683 1013 sane
708 980 861 1012 videatur
884 992 953 1012 esse
979 978 1148 1023 quaestio,
1172 979 1201 1012 si

72 1054 156 1086 quae
174 1043 215 1075 de
240 1043 364 1085 angelis
383 1042 586 1087 scripsimus,
611 1042 840 1074 attendantur:
865 1041 997 1085 prolixa
1021 1041 1110 1073 enim
1135 1042 1202 1074 dis-

69 1103 247 1147 putatione
285 1104 546 1144 declaravimus,
587 1104 712 1136 naturis
750 1103 958 1148 quibuslibet
991 1103 1121 1135 ratione
1153 1103 1203 1135 in-

70 1166 203 1197 structis
234 1178 378 1210 corpora
402 1166 585 1207 Origenem
614 1164 779 1197 tribuisse.
833 1163 985 1197 Strictim
1017 1177 1096 1205 ergo
1121 1177 1204 1208 pau-

72 1226 190 1259 xillum
215 1227 375 1271 quiddam
400 1226 454 1259 hic
478 1227 712 1265 delibabimus,
737 1225 829 1269 quod
853 1225 922 1257 illic
940 1226 1094 1258 consulto
1109 1239 1204 1270 prae-

74 1288 281 1329 termissum,
317 1289 350 1320 in
384 1289 472 1320 hunc
504 1288 619 1320 locum
651 1286 874 1332 conjecimus3
909 1286 994 1318 illud
1023 1287 1203 1321 nimirum:

74 1362 150 1381 cum
181 1362 325 1394 corpore
362 1359 514 1381 constare
552 1349 678 1381 animas
714 1347 950 1380 existimaverit
974 1348 1202 1389 Adamantius,

73 1409 245 1455 cujusnam
276 1423 329 1443 eas
365 1410 497 1442 finxerit
521 1409 778 1454 corporationis,
812 1421 852 1441 an
884 1409 1053 1451 angelicae
1073 1411 1204 1452 similis,

70 1485 112 1504 an
136 1472 315 1511 crassioris,
340 1481 374 1504 et
396 1471 438 1504 ad
461 1471 556 1504 illam
580 1473 795 1510 daemonum,
820 1483 919 1515 quam
941 1471 1090 1513 angelica
1113 1472 1198 1517 spis-

70 1533 194 1567 siorem
227 1533 452 1573 ostendimus,
489 1533 631 1578 propius
668 1532 868 1565 accedentis.
922 1533 974 1565 Ac
996 1542 1128 1566 naturas
1152 1547 1204 1567 ra-

69 1594 213 1628 tionales
236 1595 378 1628 diximus
406 1608 469 1640 pro
500 1594 647 1634 meritis,
683 1594 916 1633 crassioribus,
950 1594 1203 1628 tenuioribusve

70 1655 193 1698 illigari
217 1657 435 1701 corporibus:
460 1670 538 1689 cum
560 1656 689 1689 animae
715 1665 827 1688 autem
851 1655 974 1697 angelis
998 1655 1120 1689 virtute
1139 1657 1205 1689 siut

72 1717 249 1751 inferiores
273 1732 311 1751 ac
334 1718 480 1758 meritis,
512 1717 681 1750 crassioris
712 1730 781 1749 csse
807 1727 1047 1761 corporaturae
1080 1731 1119 1751 ac
1147 1732 1204 1751 an—

73 1780 166 1822 gelos
190 1780 371 1813 dicendum
397 1789 457 1812 est.
505 1778 667 1820 Origenes
691 1777 766 1811 libr.
789 1780 828 1812 lI.
853 1782 936 1823 περὶ
960 1778 1101 1824 ἀρχῶν,
1132 1793 1204 1824 cap.

72 1840 104 1875 2.
127 1853 220 1874 num.
243 1841 276 1875 2.
323 1841 390 1874 »Ut
421 1853 499 1883 ergo
531 1839 684 1884 superius
714 1839 878 1882 diximus,
921 1841 1101 1873 materialis
1127 1843 1205 1873 sub-

71 1903 190 1935 stantia
222 1902 319 1948 hujus
348 1902 467 1935 mundi
497 1903 621 1934 habens
654 1910 825 1941 naturam,
861 1915 946 1946 quae
976 1914 1016 1934 ex
1047 1902 1204 1935 omnibus

75 1964 117 1996 ad
143 1964 256 1996 omnia
278 1966 549 2004 transformatur,
580 1977 657 1995 cum
687 1964 728 1995 ad
759 1962 936 1995 inferiores
962 1975 1113 2007 quosque
1138 1972 1205 1996 tra-

76 2025 183 2065 hitur,
216 2025 249 2057 in
281 2025 476 2058 crassiorem
508 2024 661 2070 corporis
692 2033 814 2057 statum
843 2024 1109 2069 solidioremque
1133 2026 1205 2058 for-

76 2096 204 2127 matur,
233 2086 279 2119 ita
302 2096 339 2119 ut
363 2087 510 2120 visibiles
540 2087 616 2119 istas
640 2086 757 2118 mundi
781 2085 929 2130 species,
961 2087 1133 2131 variasque
1159 2087 1208 2120 di-

73 2148 234 2191 stinguat:
260 2162 336 2181 cum
361 2162 440 2181 vero
465 2148 725 2193 perfectioribus
748 2147 911 2180 ministrat
936 2157 969 2180 et
991 2148 1209 2189 beatioribus,

76 2209 109 2243 in
134 2211 265 2253 fulgore
291 2209 487 2245 coelestium
512 2223 695 2254 corporum
719 2211 838 2250 micat,
872 2219 904 2242 et
927 2209 1110 2254 spiritualis
1136 2224 1209 2243 cor-

75 2271 168 2319 poris
191 2272 395 2308 indumentis
421 2271 472 2305 vel
498 2272 630 2315 angelos
654 2271 738 2312 Dei,
765 2271 816 2304 vel
842 2272 929 2306 filios
954 2272 1207 2306 resurrectionis
