1403 2492
427 61 737 94 Onmnmmonum
763 61 876 93 Lmen
902 60 946 92 11.
1171 60 1237 94 287

105 151 162 190 νὲς
188 143 231 195 ἦν
256 152 303 196 τῷ
329 153 475 187 &ossum
503 152 564 185 καὶ
588 154 662 188 τοῖς
687 149 921 189 ἀποστόλοις·
948 149 1039 193 atqui
1056 150 1163 181 offula
1180 151 1237 183 illa

104 225 216 244 merus
241 212 305 244 suit
330 213 440 257 panis:
465 225 577 244 merus
609 211 710 253 igitur
742 221 775 244 et
799 211 868 245 ille.
925 211 1130 244 Aut—udisset
1156 225 1235 243 vero

103 274 236 306 subtilis
260 273 318 306 ille
344 274 532 318 disputator
563 286 648 318 quae
678 272 712 305 in
738 273 928 317 exemplum
955 282 1178 313 assumuntur,
1203 273 1236 305 in

105 348 146 367 eo
173 335 297 368 debere
323 335 521 375 convenire,
546 334 641 380 cujus
668 348 779 367 caussa
803 334 990 367 instituitur
1015 336 1236 379 comparatio,

104 396 295 440 discrepare
320 410 418 441 posse
443 397 476 430 in
509 396 598 437 aliis,
628 397 693 429 hoc
724 405 772 429 est
803 396 925 440 partim
959 409 1028 429 esse
1063 396 1236 442 ὁμογενῆ,

103 457 225 502 partim
250 459 455 504 ἑτερογενῆ·
488 458 541 491 hic
565 467 678 490 autem
703 457 831 490 institui
861 459 902 490 ab
927 458 1073 500 Origene
1100 472 1236 503 compa-

103 520 268 552 rationem
300 521 426 552 ofsulae
462 521 570 553 Judae
602 520 734 553 oblatae
766 533 842 552 cum
874 532 960 564 pane
994 519 1236 560 Eucharistic0‚

102 594 170 614 non
203 583 243 614 ad
277 582 507 626 explicandam
539 581 633 627 panis
663 581 771 615 ,Iudae
802 581 950 626 porrecti
981 590 1152 621 naturam,
1176 583 1235 614 sed

103 643 144 674 ad
170 642 408 676 declarandum
444 644 514 690 ejus
547 644 727 683 effectum,
759 656 796 675 ac
821 643 889 674 vim
918 642 1071 687 juvandi,
1097 644 1149 675 vel
1175 657 1236 675 no-

104 705 211 745 cendi,
235 718 298 750 pro
322 704 483 737 sumentis
500 705 634 747 habitu3
658 715 758 750 atque
777 705 822 738 ita
839 718 909 738 esse
924 704 1097 751 ὁμογενῆ,
1123 706 1235 750 quoad

102 766 196 798 illam
220 766 448 806 efficientiam,
473 767 514 799 de
539 780 604 811 qua
628 766 693 799 hoc
718 768 796 800 loco
823 767 1012 811 quaeritur;
1045 767 1234 811 ἑτερογενῆ

103 841 183 860 vero
209 829 320 873 quoad
344 838 508 870 naturam,
543 829 585 861 de
611 842 675 874 qua
699 829 791 861 nulla
816 828 950 873 penitus
974 828 1028 861 hic
1051 828 1162 860 habita
1187 838 1235 860 est

102 889 296 934 disputatio.
350 890 503 922 Fimbria
535 890 634 922 vestis
666 890 807 931 Christi,
838 903 922 935 quae
955 891 1235 937 αἰμορῥοοῦσαν

100 952 238 991 sanavit,
265 964 302 984 ex
327 961 484 984 contactu
516 951 599 984 sacri
624 951 777 996 corporis
808 951 932 985 Christi
965 952 1123 985 virtutem
1155 965 1235 985 con-

100 1022 261 1054 traxerat,
290 1013 408 1046 itidem
440 1023 478 1045 ut
503 1014 611 1045 offula
642 1026 659 1045 a
690 1013 770 1046 Jesu
794 1013 902 1046 Judae
926 1023 1093 1058 porrecta.
1140 1014 1234 1046 Fim-

100 1076 193 1107 briae
219 1084 403 1115 contactus,
429 1088 492 1119 pro
518 1075 679 1117 tangentis
705 1075 842 1119 pietate,
868 1075 923 1107 vel
948 1076 1117 1119 nequitia,
1142 1077 1234 1108 utilis

102 1149 172 1169 esse
196 1146 340 1181 poterat,
365 1136 418 1168 vel
443 1136 572 1168 noxius.
621 1136 698 1169 Pari
729 1149 807 1177 ergo
840 1136 912 1182 jure
944 1137 1094 1169 fimbriae
1120 1147 1234 1170 conta-

103 1207 193 1230 ctum
219 1210 294 1230 cum
319 1199 414 1242 panis
438 1198 660 1231 Eucharistici
686 1211 743 1230 esu
769 1211 964 1242 comparare
983 1198 1145 1240 Origenes
1170 1213 1234 1243 po-

101 1259 184 1301 tuit3
208 1269 348 1304 utraque
373 1259 461 1292 enim
486 1260 520 1292 in
546 1273 586 1292 eo
613 1259 868 1299 conveniebant,
893 1260 984 1304 quod
1010 1273 1072 1303 pro
1098 1269 1233 1302 tangen-

102 1321 143 1354 tis
167 1330 199 1354 et
224 1321 352 1354 edentis
377 1321 492 1354 habitu
524 1321 668 1354 salubria
700 1321 752 1353 vel
778 1321 937 1353 damnosa
963 1334 1032 1353 esse
1057 1331 1233 1365 poterant3

100 1381 134 1414 in
159 1381 232 1415 aliis
256 1383 499 1428 discrepabant.
547 1384 584 1415 ld
608 1383 635 1415 si
660 1382 811 1422 fecisset,
841 1391 980 1426 utraque
1014 1395 1090 1414 sane
1119 1383 1232 1415 dicere

100 1443 267 1487 potuisset
290 1443 469 1491 ὁμογενῆ,
505 1457 627 1489 nempe
662 1445 774 1489 quoad
804 1444 898 1476 illam
931 1444 997 1476 vim
1024 1454 1057 1477 et
1082 1445 1230 1477 efficien-

99 1504 198 1547 tiam3
221 1518 290 1538 non
316 1506 428 1551 quoad
453 1515 615 1538 naturam.
664 1507 759 1538 Idem
785 1505 874 1538 dicas
900 1507 941 1538 de
967 1507 1077 1538 offula
1102 1507 1231 1539 Eucha-

98 1566 213 1600 ristico
238 1568 317 1613 pani
342 1567 530 1600 assimilata.
579 1567 718 1613 Alioqui
751 1581 826 1600 cum
851 1568 993 1600 offulam
1018 1569 1126 1601 Judac
1152 1582 1231 1613 por-

97 1638 223 1662 rectam
248 1630 327 1674 pani
353 1630 422 1670 illi,
447 1643 513 1674 quo
540 1629 641 1662 vitam
665 1630 882 1669 sustinemus,
912 1629 1058 1661 similem
1082 1642 1150 1661 esse
1178 1631 1229 1662 di-

99 1691 146 1723 xit
170 1690 344 1733 Origenes,
368 1691 435 1723 hoc
459 1700 507 1723 est
532 1690 704 1736 ὁμογενῆ,
728 1691 762 1723 ἱι]
789 1704 829 1723 eo
844 1703 978 1735 nempe,
1003 1691 1094 1734 quod
1113 1701 1148 1723 ut
1171 1692 1229 1723 illa

99 1751 239 1793 animae,
263 1753 310 1785 sic
335 1753 392 1785 ille
418 1752 555 1797 corpori
579 1765 642 1797 pro
670 1751 878 1784 comedentis
898 1752 1012 1783 habitu
1030 1753 1135 1784 robur
1149 1766 1228 1785 con—

100 1812 213 1845 ciliare
237 1823 363 1858 potest,
388 1814 440 1846 vel
464 1815 640 1847 morbum:
666 1814 864 1847 concludam
884 1812 1001 1857 utique
1020 1813 1137 1845 eadem
1164 1814 1229 1847 vir-

100 1883 170 1906 tute
210 1875 341 1919 pollere
373 1889 495 1920 panem
526 1885 697 1915 nostrum,
730 1888 797 1920 quo
823 1874 999 1914 vescimur,
1023 1887 1060 1906 ac
1085 1876 1227 1908 offulam

99 1935 204 1975 illam,
230 1936 282 1968 cui
307 1938 512 1981 peculiarem
537 1939 604 1971 vim
638 1947 795 1970 contactu
825 1949 885 1970 suo
913 1936 1062 1969 Christus
1088 1936 1226 1970 indidit:

100 1999 193 2042 quod
219 2008 267 2031 est
295 1999 485 2033 absurdum.
549 2000 643 2044 Quid
678 1999 705 2032 si
739 2008 911 2044 praeterea
951 1999 1094 2031 offulam
1133 1999 1227 2032 illam

100 2060 201 2093 fuisse
225 2073 347 2104 panem
370 2061 483 2104 ipsum
504 2062 773 2095 Eucharisticum
797 2061 904 2093 Judae
928 2068 1125 2104 porrectum
1151 2060 1228 2094 Ori-

99 2134 218 2163 genem
243 2123 444 2156 existimasse
478 2123 651 2157 dicamus?
684 2123 845 2155 Profecto
880 2122 975 2154 locus
1008 2120 1069 2153 iste
1095 2132 1227 2154 contra-

98 2182 186 2215 rium
217 2183 300 2216 nihil
334 2186 433 2217 habet
471 2185 547 2218 huic
577 2184 777 2225 sententiae,
815 2196 914 2228 quam
951 2191 983 2215 et
1015 2183 1160 2229 Cyrillus
1193 2185 1227 2216 iu

98 2244 218 2278 Joann.
245 2245 312 2285 Vl.,
338 2255 370 2278 et
397 2247 584 2280 Anastasius
609 2247 735 2281 Sinaita
759 2248 853 2281 Orat.
870 2246 910 2277 (le
932 2244 1055 2291 Synaxi
1079 2245 1225 2288 amplexi
