1403 2492
129 101 173 135 fio
465 97 578 131 Pmm
602 97 775 131 DAMEus
800 97 931 131 numu

128 192 206 224 dam
230 201 334 234 opera
357 189 447 220 bona
471 187 504 220 in
531 187 595 221 vita
620 187 770 232 impia?«
819 188 953 231 Quibus
977 187 1102 220 accinit
1118 187 1265 230 Fulgen-

126 253 192 286 tius
216 252 252 284 in
276 251 352 283 libr.
380 250 421 282 de
447 249 606 283 incarnat.
631 259 663 282 et
679 250 781 292 gratia
799 249 935 289 Clnisti,
961 263 1032 294 cap.
1045 248 1100 283 26.
1139 249 1264 293 »Quod

126 314 154 348 si
179 313 380 359 quibusdam
406 311 687 353 cognoscentibus
708 312 832 351 Deum,
857 325 918 344 nec
943 312 1029 345 sicut
1053 312 1165 344 Deum
1192 311 1264 354 glo-

126 375 351 414 rificantibus,
385 372 532 415 cognitio
559 372 616 405 illa
642 373 725 405 nihil
751 374 880 418 profuit
912 375 953 406 ad
985 372 1147 412 salutem,
1179 385 1264 418 quo-

125 438 231 471 modo
256 445 442 481 potuerunt
466 434 498 466 hi
525 434 601 480 justi
629 448 697 481 esse
723 436 812 480 apud
838 436 962 476 Deum,
988 434 1044 480 qui
1068 434 1116 467 sic
1141 434 1173 467 in
1195 433 1264 468 suis

125 500 278 533 moribus
301 508 400 543 atque
426 497 587 542 operibus
611 497 771 530 bonitatis
795 498 923 543 aliquid
947 506 1098 535 servant,
1129 505 1179 529 ut*
1197 496 1263 528 hoc

124 563 165 596 ad
190 562 292 595 {inem
307 559 512 594 Christianae
531 559 622 599 fidei,
651 559 863 605 caritatisque
888 573 956 592 non
980 558 1150 592 reserant?
1178 557 1264 601 Qui-

123 626 186 658 bus
209 623 322 668 aliqua
346 621 483 667 quidem
508 622 608 661 bona,
634 634 718 665 quae
743 623 785 654 ad
809 621 979 673 societatis
997 621 1161 653 humanae
1186 632 1263 665 per-

124 687 234 720 tinent
265 684 488 730 aequitatem‚
520 680 626 716 inesse
651 693 812 728 possunt3
843 684 902 716 sed
927 683 1005 728 quia
1029 696 1099 716 non
1125 682 1262 715 caritate

123 747 191 781 Dei
216 748 319 786 fiunt,
349 746 511 790 prodesse
536 758 604 777 non
629 754 779 789 possunt.
790 762 807 776 «
865 745 1092 792 Hieronymus
1125 757 1262 790 quoque

123 810 158 844 in
181 809 286 843 Isaiae
312 808 438 847 XXlV,
462 807 493 841 5.
517 806 636 839 scribit
659 807 809 852 praemia
833 808 1034 853 adepturos,
1068 807 1261 852 quicunque

123 872 232 914 legem
264 870 451 903 naturalem
483 869 752 902 observaverint:
791 869 824 902 et
854 869 889 902 in
919 869 1021 902 Ezeb.
1045 869 1182 908 XXIX,
1209 869 1262 903 17.

122 933 168 966 ait
197 931 441 966 „condemnari
466 945 528 964 nos
554 931 808 976 comparatione
833 931 1034 972 Gentilium,
1060 931 1087 964 si
1111 930 1163 963 illi
1187 931 1261 973 lege

122 995 248 1028 iaciant
269 994 432 1035 naturali,
465 1007 549 1038 qnae
580 1006 642 1026 nos
674 993 798 1038 scripta
822 993 1058 1036 negligimus«
1106 994 1262 1027 Praeter—

121 1056 213 1090 mitti
237 1069 317 1089 vero
342 1069 410 1089 non
436 1056 535 1088 decet
559 1056 672 1088 locum
699 1056 802 1100 ipsius
827 1057 971 1088 alterum
995 1055 1029 1088 in
1048 1055 1125 1089 Gal.
1140 1055 1202 1094 11¹,
1216 1055 1261 1094 2.,

121 1119 163 1151 ad
188 1118 254 1151 hoc
283 1127 436 1162 spectans
466 1127 718 1159 argumentum,
756 1124 789 1150 et
821 1118 1065 1162 circumspecte
1097 1118 1260 1160 attingen-

121 1182 212 1214 dum.
264 1181 360 1213 »Nos
384 1179 713 1224 respondebimus‚«
740 1179 867 1225 inquit,
906 1179 1100 1224 »accepisse
1124 1180 1260 1225 quidem

121 1256 200 1276 eum
231 1241 448 1287 (Cornelium
475 1240 737 1286 centurionem)
770 1241 944 1287 spiritum,
981 1242 1040 1274 sed
1073 1255 1112 1274 ex
1143 1241 1259 1275 auditu

120 1305 221 1345 fidei,
247 1314 280 1337 et
303 1302 446 1336 naturali
471 1303 562 1344 lege,
592 1316 676 1347 quae
704 1303 857 1348 loquitur
882 1305 915 1337 in
943 1304 1102 1337 cordibus
1126 1303 1259 1344 nostris,

118 1369 209 1400 bona
233 1378 386 1412 quaeque
410 1364 574 1404 facienda,
600 1374 633 1397 et
658 1365 790 1398 vitanda
812 1366 910 1403 mala.
935 1379 997 1410 per
1014 1379 1114 1410 quam
1130 1367 1260 1400 dudum

120 1442 257 1475 quoque
285 1427 470 1466 Abrabam,
499 1427 638 1466 Mosen,
671 1435 704 1458 et
737 1436 866 1459 ceteros
898 1437 1031 1460 sanctos
1061 1427 1258 1473 justificatos

118 1491 314 1529 retulimus,
350 1502 450 1534 quam
485 1501 605 1530 augere
636 1488 795 1532 deinceps
825 1497 939 1533 potest
975 1502 1119 1533 operum
1145 1491 1260 1523 obser-

119 1553 221 1592 vatio,
246 1552 328 1594 legis
353 1563 488 1595 quoque
508 1549 646 1596 justitia,
671 1563 741 1583 non
762 1559 874 1582 tamen
895 1551 1034 1583 earnalis
1056 1551 1149 1593 legis,
1175 1565 1258 1597 quae

118 1613 309 1661 praeteriit,
339 1613 399 1646 sed
423 1612 622 1658 spiritualis,
655 1612 732 1657 quia
760 1613 862 1644 »nlex
881 1611 914 1655 Ἰ)
938 1612 1123 1657 spiritualis
1148 1624 1255 1648 est.««

209 1677 253 1709 X.
293 1675 390 1718 Quae
415 1688 520 1720 quum
544 1675 591 1707 ita
616 1673 700 1713 sint,
732 1674 906 1706 fatendum
939 1683 988 1706 est
1012 1683 1124 1708 tamen
1149 1676 1256 1709 nimio

118 1740 195 1784 plus
220 1737 402 1782 aliquando
433 1737 590 1770 tribuisse
616 1736 803 1783 Origenem‘
832 1735 896 1778 legi
921 1744 1077 1779 naturae;
1114 1747 1148 1770 et
1173 1751 1257 1783 quae

117 1799 282 1846 peculiari
312 1798 381 1831 Dei
412 1798 537 1831 auxilio
572 1799 800 1837 debebantur,
836 1797 871 1830 in
905 1798 1060 1839 generale
1095 1800 1258 1833 auxilium

115 1861 395 1906 transscripsisse:
421 1861 514 1905 quod
540 1860 679 1893 omnino
706 1859 921 1901 pelagianum
948 1868 1016 1891 est:
1051 1860 1143 1893 velut
1166 1871 1259 1896 actus

118 1924 268 1966 singulos
284 1923 477 1963 voluntatis,
504 1936 588 1968 quos
614 1921 849 1954 »volitiones«
877 1919 1068 1964 appellant:
1093 1921 1154 1955 hos
1168 1923 1258 1956 enim

118 1986 165 2019 ita
188 1999 250 2018 nos
275 1986 399 2018 habere
423 1986 533 2018 aDeo
553 1985 719 2022 censebat,
744 1991 906 2028 quatenus
924 1982 1082 2015 virtutem
1108 1985 1258 2025 volendi,

116 2048 186 2081 sive
217 2048 412 2080 facultatem
443 2046 626 2079 voluntatis
658 2059 675 2077 a
701 2045 779 2076 Deo
813 2044 985 2076 habemus.
1041 2044 1089 2076 lta
1120 2046 1257 2090 exponit

118 2110 206 2142 illud
230 2108 347 2152 Pauli,
379 2107 531 2152 Philipp.
557 2108 607 2149 ΙΙ,
633 2107 686 2142 13.
737 2106 857 2138 »Deus
882 2114 931 2138 est
957 2105 1064 2146 enim,
1094 2106 1150 2151 qui
1176 2120 1259 2151 ope—

120 2180 211 2204 ratur
238 2170 271 2202 in
297 2169 393 2202 vobis
417 2179 450 2202 et
474 2169 574 2208 velle.
598 2178 631 2202 et
655 2169 831 2213 perficere,
855 2180 919 2212 pro
937 2168 1026 2200 bona
1052 2167 1254 2201 voluntates(

220 2291 252 2335 ¹)
279 2293 378 2326 Rom.
406 2290 478 2330 Vll,
508 2291 557 2325 lt.
