1403 2492
158 43 207 80 20
503 39 615 74 Pssrm
640 38 812 74 nimus
838 40 969 75 Hunni

160 133 249 165 bunc
273 131 366 165 ultro
390 142 602 176 propugnare
627 131 762 174 satagit,
794 132 920 164 nedum
944 130 1035 165 illius
1071 132 1305 177 exprobratio-

166 207 245 228 nem
269 194 310 227 ab
335 193 484 236 Origene
509 192 699 238 probibeat.
755 194 808 225 Ab
833 206 874 226 eo
906 206 982 227 sane
1005 205 1075 227 non
1098 194 1199 240 plane
1224 194 1306 227 alie-

168 270 250 290 num
275 255 376 289 fuisse
399 254 616 288 philastrium
641 254 862 289 crediderim:
893 265 1076 301 postquam
1105 256 1194 289 enirn
1225 256 1307 289 haec

170 317 329 352 disseruit
359 318 460 351 Haer.
485 317 538 352 51.
596 317 693 349 »Alia
718 325 766 350 est
790 317 953 358 haeresis,
989 330 1073 362 quae
1097 317 1181 351 dicit
1198 317 1308 350 homi-

169 380 221 413 nis
244 379 389 413 animam
413 392 482 412 non
507 380 628 412 saetam
648 392 664 411 a
683 379 759 411 Deo
784 379 948 423 appellari
966 379 1122 420 animam,
1145 380 1203 412 sed
1221 388 1309 419 ante,

172 441 300 487 inquit,
324 441 517 474 intellectus
541 441 736 480 vocabatur,
761 449 794 472 et
818 450 888 473 erat
911 441 945 473 in
970 441 1086 474 coelo:
1111 450 1228 486 postea
1253 453 1311 474 au-

173 513 242 537 tem
268 503 346 549 qui-‘i
373 513 504 536 terrena
530 502 743 542 desideravit,
769 502 956 535 discessisse
975 516 1048 536 earn
1073 503 1114 535 de
1142 502 1254 542 coelo,
1279 511 1313 535 et

176 578 214 598 ex
235 577 275 598 eo
302 578 375 598 earn
400 565 544 597 animam
562 573 788 609 nuncupatam
805 564 1050 598 arbitrantur2«
1079 577 1164 609 quae
1181 563 1313 609 penitus

175 626 378 669 origeniana
401 636 488 659 sunt.
536 627 690 660 Mentem
715 639 808 659 suam
833 625 956 659 deinde
980 626 1097 672 prodit
1120 625 1168 658 his
1186 625 1314 659 verbis:

178 689 394 732 »ignorantes
419 689 513 733 quod
537 688 571 721 in
596 687 766 733 principio
791 688 878 720 sacta
898 700 916 720 a
932 687 1022 728 Deo,
1047 696 1079 721 et
1103 696 1212 721 creata
1235 696 1316 733 post

175 750 314 793 angelos
345 750 455 783 anima
487 760 536 784 est
566 749 736 795 appellata
766 763 785 782 a
815 748 989 790 Domino,
1024 749 1156 794 hocque
1189 762 1315 783 nomen

177 811 394 857 proprietatis
418 811 549 857 accepit
572 825 591 844 a
614 811 710 851 Deo,
733 820 773 844 ut
796 810 924 852 anima,
947 823 1017 844 non
1041 810 1234 844 intellectus
1257 824 1317 844 vo-

179 883 341 907 caretur«
399 876 512 919 Atque
536 873 619 906 haec
643 870 838 918 Scripturae
862 873 1085 918 postmodum
1108 873 1317 907 testificatio-

177 935 277 968 nibus
308 936 520 981 comprobat.
579 935 739 981 Denique
765 934 848 967 xitio
885 935 941 968 dat
965 935 1178 969 Tertulliano
1203 937 1317 979 Augu-

179 996 285 1030 stinus
309 996 367 1030 lib.
393 998 436 1030 de
460 997 597 1031 Haeres.
624 997 666 1030 ad
692 996 797 1041 Quod
822 997 895 1029 vult
918 997 1050 1038 Deum,
1076 998 1168 1043 quod
1192 997 1318 1031 animas

180 1057 358 1091 hominum
382 1071 529 1104 nequam
560 1068 640 1104 post
672 1059 806 1091 obitum
830 1058 862 1091 in
888 1058 1070 1091 daemones
1095 1059 1247 1092 converti
1271 1072 1320 1092 as-

182 1119 335 1152 seruerit.
384 1119 619 1164 Quamobrem
645 1120 861 1153 Domitianus
885 1120 1007 1153 Galata
1032 1122 1226 1167 Ancyranus
1250 1120 1321 1166 epi-

184 1193 308 1226 scopus
332 1180 367 1213 in
385 1194 437 1226 ep.
455 1182 496 1214 ad
510 1182 673 1225 Vigilium
698 1194 832 1227 papam,
857 1182 1014 1215 adversus
1029 1182 1185 1225 Origenis
1209 1182 1322 1216 hostes

186 1243 269 1276 haec
292 1242 526 1288 conqueritur,
548 1244 716 1276 referente
729 1243 894 1277 Facundo
919 1243 994 1277 libr.
1011 1243 1042 1278 4.
1069 1256 1140 1289 cap.
1157 1243 1187 1278 4.
1215 1243 1320 1277 »Pro-

185 1304 353 1337 siluerunt
385 1305 428 1337 ad
458 1305 788 1338 anathematizandos
819 1304 1044 1339 sanctissimos
1068 1315 1102 1338 et
1124 1305 1325 1348 gloriosissi-

187 1379 262 1399 mos
280 1366 449 1406 doctores,
473 1367 536 1398 sub
556 1365 734 1399 occasione
753 1379 883 1408 eorum,
909 1379 995 1412 quae
1009 1367 1051 1400 de
1069 1367 1325 1412 praeexistentia

187 1437 221 1461 et
245 1427 458 1461 restitutione
482 1437 574 1461 mota
598 1437 692 1469 sunt,
722 1429 935 1470 dogmatum,
963 1428 1026 1460 sub
1049 1428 1162 1472 specie
1186 1429 1324 1474 quidem

190 1489 364 1532 Origenis,
389 1503 507 1523 omnes
532 1499 664 1530 autem,
689 1489 747 1534 qui
771 1499 847 1523 ante
872 1502 969 1530 eum,
992 1498 1026 1522 et
1048 1498 1127 1534 post
1151 1501 1229 1523 eum
1252 1490 1325 1524 fue·

189 1561 287 1592 runt,
310 1561 443 1585 sanctos
467 1551 813 1585 anathematizantes«

279 1614 339 1647 Xl.
375 1615 508 1659 Nempe
539 1614 582 1646 de
613 1613 741 1661 animae
774 1613 904 1656 origine
934 1626 972 1646 ac
995 1621 1087 1646 sorte
1109 1612 1194 1646 nibil
1218 1613 1327 1647 adhuc

190 1675 302 1708 suerat
324 1676 366 1708 ab
389 1675 531 1709 ecclesia
555 1676 740 1709 decretum.
789 1675 863 1708 »De
887 1675 998 1708 anima
1022 1687 1140 1716 vero,«
1179 1675 1226 1708 ait
1249 1675 1328 1710 Ori-

193 1749 294 1780 genes
317 1737 351 1770 in
375 1737 536 1770 Prooem.
561 1737 638 1771 libr.
661 1738 747 1784 περὶ
770 1737 894 1786 ἀρχῶν
916 1751 1008 1771 num.
1023 1737 1067 1778 5.,
1092 1746 1224 1770 »utrum
1242 1738 1326 1782 ex¹)

193 1798 329 1832 seminis
351 1799 490 1832 traduce
515 1800 668 1840 ducatur,
690 1798 735 1832 ita
759 1808 797 1832 ut
819 1798 906 1831 ratio
930 1797 1045 1843 ipsius,
1069 1799 1124 1831 vel
1144 1798 1329 1832 substantia

193 1859 316 1894 inserta
350 1861 431 1906 ipsis
461 1861 646 1894 seminibus
682 1860 917 1905 corporalibus
947 1859 1124 1902 habeatur3
1167 1873 1207 1893 an
1246 1873 1327 1893 vero

194 1921 289 1955 aliud
311 1922 432 1956 habeat
454 1922 605 1956 initium:
640 1931 675 1955 et
705 1921 770 1954 boc
799 1921 911 1966 ipsum
940 1920 1094 1961 initium,
1128 1920 1156 1954 si
1179 1920 1328 1964 genitum

198 1992 264 2025 est,
287 1993 343 2017 aut
359 1986 395 2029 ²)
418 1997 486 2017 non
510 1984 679 2027 genitum;
711 1983 766 2016 vel
798 1993 887 2016 certe
911 1982 938 2016 si
962 1983 1159 2017 intrinsecus
1191 1982 1327 2028 corpori

292 2163 324 2208 ¹)
349 2164 435 2198 Edd.
461 2162 596 2197 Huetii:
622 2175 681 2196 »ex
704 2160 831 2196 semine
856 2161 1033 2195 traducis«

294 2220 330 2265 ²)
353 2219 442 2254 Edd.
466 2218 601 2252 Huetii:
629 2231 691 2252 »an
714 2230 783 2251 non
807 2217 986 2260 genitum«
