1403 2492
377 81 688 114 Omcssmasoaum
713 79 824 112 Luum
849 80 890 113 ll.
1116 79 1183 114 235

53 168 105 202 nis
130 167 206 202 libr.
223 169 266 203 ll.
293 170 376 214 περὶ
390 169 522 214 ἀρχῶν,
548 181 621 213 cap.
646 169 674 203 1.
697 181 791 202 num.
808 168 852 209 3.,
874 169 1058 214 superioris
1081 182 1183 214 quae-

52 229 107 264 siti
132 244 209 264 cum
232 231 358 271 isthoc,
394 231 486 276 quod
509 230 575 262 hoc
598 229 677 263 loco
700 230 799 263 nobis
836 230 1073 264 excutiendum
1103 244 1183 275 pro-

53 293 240 337 posuimus,
267 291 509 326 connexionem
534 292 742 325 declarantis.
791 291 984 326 »Possibile
1020 292 1111 326 enim
1135 292 1184 325 vi-

56 355 171 395 detur,
195 354 304 400 inquit
329 354 402 387 libr.
429 354 470 386 ll.
501 356 584 398 περὶ
610 353 749 398 ἀρχῶν,
783 366 855 399 cap.
879 353 912 389 3.
942 367 1034 388 num.
1057 353 1114 394 3.,
1145 363 1184 387 ut

55 415 271 449 rationabiles
294 415 442 456 naturae,
466 427 483 447 a
509 414 630 460 quibus
653 427 824 460 nunquam
847 416 1000 449 aufertur
1011 415 1111 449 liberi
1133 416 1183 448 fa-

55 477 160 510 cultas
189 476 338 518 arbitrii,
373 476 503 522 possint
538 476 659 509 iterum
692 476 860 522 aliquibus
892 477 1041 511 motibus
1071 476 1181 524 subja-

55 551 149 572 cere.
164 566 171 572 .
186 563 212 572 ..
260 538 356 582 Quos
380 548 492 571 motus
515 538 584 571 sine
609 538 714 570 dubio
739 551 870 571 rursum
895 539 1036 572 varietas
1060 552 1183 584 corpo-

52 613 129 632 rum
154 609 186 633 et
209 601 381 634 diversitas
404 609 643 645 prosequetur,
661 601 691 644 ¹)
725 612 762 633 ex
795 613 859 645 qua
883 601 1027 633 mundus
1048 613 1184 645 semper

54 662 253 702 adornatur,
288 675 350 695 nec
377 673 526 706 unquam
556 660 685 705 poterit
708 662 852 694 mundus
875 661 938 694 nisi
961 661 1121 694 varietate
1145 674 1182 694 ac

54 723 246 757 diversitate
271 733 433 763 constare,
457 723 550 767 quod
574 722 665 755 effici
688 724 784 756 nullo
802 736 922 765 genere
943 733 1057 769 potest
1069 723 1104 768 ²)
1129 735 1180 756 ex-

51 794 102 818 tra
125 785 298 818 materiam
323 785 549 829 corporalem.
562 801 579 816 «
626 785 812 818 Doctrinae
836 785 936 827 igitur
960 798 1038 818 suae
1065 785 1185 818 cohae-

52 846 196 882 rentiam
224 846 368 879 servavit
400 846 580 889 Origenes,
612 855 645 879 et
678 847 771 891 quod
806 859 844 879 ex
875 846 1086 889 dogmatibus
1116 845 1183 878 suis

52 908 142 942 effici
167 908 317 954 putavit,
349 908 385 941 id
418 908 595 941 manifesta
626 908 809 940 assertione
839 908 1006 941 decrevit:
1037 921 1114 941 nam
1149 908 1183 940 in

51 971 279 1015 sequentibus,
303 969 488 1015 repudiatis
512 970 704 1009 nonnullis,
736 969 794 1014 qui
823 971 952 1003 mundo
985 969 1062 1003 huic
1085 982 1182 1015 pares

50 1044 290 1078 usquequaque
323 1033 468 1065 mundos
505 1044 542 1064 ac
581 1030 776 1064 consimiles
815 1031 849 1064 in
886 1031 1008 1064 futuris
1038 1031 1182 1064 saeculis

53 1095 240 1128 continenti
263 1094 472 1126 successione
496 1092 692 1137 prodituros
717 1093 939 1132 affirmabant,
964 1093 1057 1136 quod
1081 1093 1182 1125 liber-

52 1156 113 1188 tati
136 1155 265 1188 arbitrii
290 1155 444 1188 officeret
462 1153 627 1200 ejusmodi
644 1153 817 1193 sententia,
843 1153 925 1186 alios
950 1153 1099 1198 quidem,
1123 1154 1183 1186 sed

51 1218 152 1262 plane
183 1217 334 1250 diversos
365 1216 540 1249 conditum
570 1215 611 1247 iri
641 1214 772 1256 statuit3
804 1227 845 1247 an
876 1224 988 1248 autem
1021 1215 1183 1258 dignitate

52 1278 258 1324 superiores,
289 1291 330 1311 an
352 1277 547 1316 inferiores,
579 1277 633 1309 vel
655 1276 813 1320 aequales
835 1277 964 1309 nescire
988 1289 1023 1310 se
1047 1277 1182 1310 fatetur.

52 1341 160 1374 Addit
182 1349 355 1386 praeterea
377 1340 541 1372 mundum
565 1338 670 1378 bunc,
702 1337 760 1382 qui
785 1347 819 1370 et
840 1337 913 1382 ipse
936 1339 1107 1371 saeculum
1133 1338 1183 1371 di-

53 1402 156 1443 citur,
195 1401 382 1434 multorum
414 1400 627 1433 saeculorum
658 1412 728 1432 esse
765 1399 885 1438 finem,
924 1413 963 1433 ac
994 1400 1181 1433 multorum

50 1475 156 1508 porro
180 1463 391 1496 saeculorum
416 1461 559 1495 initium.
608 1461 677 1495 Sed
701 1461 795 1494 velut
817 1461 1010 1494 dubitanter
1032 1462 1089 1502 ait,
1113 1471 1184 1494 tan·

52 1526 130 1557 dem
155 1534 234 1570 post
256 1524 442 1557 multorum
467 1524 681 1557 saeculorum
707 1523 913 1556 creationem
945 1533 976 1556 et
997 1523 1182 1563 interitum,

52 1586 179 1631 aliquid
215 1586 356 1619 saeculis
385 1586 492 1632 majus
521 1586 556 1618 in
597 1585 748 1618 omnium
785 1585 999 1618 restitutione
1030 1587 1183 1619 futurum

53 1661 144 1690 esse,
181 1660 258 1681 cum
287 1647 381 1679 Deus
414 1647 478 1679 erit
509 1646 622 1679 omnia
652 1646 687 1679 in
715 1646 884 1679 omnibus.
931 1647 1034 1680 Libro
1060 1647 1181 1680 deinde

54 1709 167 1755 operis
199 1708 350 1753 ejusdem
380 1708 499 1748 tertio,
533 1721 605 1752 cap.
629 1709 660 1742 5.
699 1717 879 1752 postquam
908 1710 1074 1741 mundum
1106 1721 1182 1741 coe-

52 1771 160 1816 pisse,
196 1780 229 1803 et
258 1769 474 1802 interiturum
500 1783 568 1802 esse
594 1769 758 1809 ostendit,
788 1769 893 1814 objici
917 1770 1073 1803 adversus
1097 1770 1182 1802 banc

53 1832 270 1865 assertionem
295 1832 404 1865 solere
429 1831 546 1864 scribit
564 1845 655 1864 num.
681 1831 713 1866 3.
753 1831 811 1864 »Si
835 1831 950 1876 coepit
972 1832 1118 1864 mundus
1143 1844 1181 1864 ex

53 1904 226 1939 tempore,
256 1893 338 1938 quid
368 1903 443 1926 ante
476 1894 619 1928 faciebat
642 1893 754 1933 Deus,
785 1905 885 1938 quam
897 1893 931 1938 ³)
955 1894 1100 1926 mundus
1122 1893 1182 1925 fie-

54 1956 128 1990 ret?
163 1955 315 1989 Otiosam
341 1955 428 1988 enim
458 1964 490 1988 et
502 1955 535 2000 ⁸)
562 1955 775 1988 immobilem
800 1955 913 1987 dicere
936 1959 1089 1990 naturam
1113 1953 1181 1987 Dei

148 2091 179 2134 ¹)
204 2091 291 2123 Edd.
316 2089 448 2122 Huetii:
473 2092 692 2136 persequitur.

146 2148 179 2191 2)
205 2147 292 2180 Edd.
316 2146 450 2178 Huetii:
473 2147 589 2191 possit.

146 2204 180 2246 3)
204 2202 292 2235 Edd.
317 2202 451 2235 Huetii:
476 2213 664 2248 antequam.

147 2260 179 2303 ⁴)
206 2259 337 2292 Desunt
361 2259 394 2291 in
421 2260 496 2292 edd.
522 2260 562 2292 H.
592 2261 708 2293 verba:
735 2269 767 2293 et
792 2259 1014 2293 immobilem.
