1403 2492
373 87 686 120 Omssnmmonum
717 84 830 116 Lmlm
855 83 900 115 11.
1128 82 1194 118 237

66 178 153 212 sario
182 177 361 210 subsistere
392 185 529 220 oportet
560 174 658 207 etiam
685 185 739 212 ea,
770 185 831 217 per
862 184 947 217 quae
980 171 1197 216 omnipotens

65 239 199 279 dicitur,
225 248 258 271 et
281 250 415 282 semper
438 236 570 274 habuit,
604 235 637 267 in
667 234 788 279 quibus
820 233 1005 266 exercuerit
1040 242 1196 278 potenta-

65 310 147 341 tum,
176 310 210 334 et
233 312 318 345 quae
343 299 467 332 suerint
490 299 532 330 ab
556 296 644 341 ipse,
669 296 722 328 vel
747 297 849 339 Rege,
876 296 928 327 vel
945 295 1105 339 Principe
1123 308 1198 327 mo-

65 363 210 395 demun«
260 361 424 395 Officiose
449 360 587 405 quidem
621 367 654 390 et
686 357 794 390 amico
832 358 988 389 adversus
1014 357 1197 399 Origenem

65 424 197 462 animo,
235 431 267 455 at
292 435 359 454 non
381 421 524 466 perinde
551 433 646 459 vere,
683 419 718 451 id
749 418 813 451 sibi
845 418 933 450 velle
959 431 1035 450 eum
1060 419 1199 451 adnotat

66 483 314 522 Genebrardus‚
338 484 450 516 Deum
477 483 630 515 »Patrem
656 480 938 524 omnipotentiam
969 493 1061 512 suam
1087 489 1200 512 osten-

65 545 170 584 disse,
208 545 285 577 dum
311 544 425 586 genuit
448 544 594 577 Filium:
626 555 663 574 ac
694 542 756 574 nisi
781 542 964 584 genuisset,
1004 554 1073 574 non
1098 541 1199 574 fuisse

66 607 380 651 omnipotentem:«
407 618 483 637 nam
507 605 549 637 de
573 605 672 636 rebus
696 616 838 636 numero
863 603 1029 647 pluribus,
1054 603 1088 635 in
1115 615 1200 647 quae

66 667 248 712 imperium
272 676 384 699 teneat
407 667 519 705 Deus,
544 678 613 697 non
639 666 681 697 de
705 677 769 697 una
793 665 914 709 aliqua,
940 664 1045 709 qualis
1071 673 1119 695 est
1142 663 1201 695 Fi-

67 729 142 769 lius,
166 742 262 771 agere
288 728 468 769 origenem
493 727 708 759 manifestum
740 736 803 760 est:
836 727 896 759 sed
927 735 959 758 et
989 738 1042 757 res
1075 734 1201 757 creatas

66 790 100 823 in
126 791 238 823 animo
263 789 416 821 habuisse
441 788 518 821 satis
542 789 627 820 illud
653 788 777 820 evincit
802 788 894 832 quod
918 788 1085 831 sequitur:
1126 786 1200 818 »De

66 852 187 897 quibus
211 850 344 896 plenius
375 850 410 882 in
441 849 526 883 locis
558 849 724 894 propriis,
762 850 796 881 in
828 849 948 894 quihus
973 849 1015 881 de
1040 846 1200 880 creaturis

68 913 138 959 ejus
163 912 403 957 disputandum
429 913 549 951 suerit,
587 911 823 944 disseremus«
874 913 923 943 Ac
955 909 1112 954 superior
1140 908 1200 940 ille

67 975 162 1008 locus
187 973 358 1016 Origenis,
388 974 442 1006 vel
466 975 552 1007 alter
577 983 667 1006 certe
691 973 755 1018 ipsi
780 972 984 1012 consimilis,
1013 973 1160 1004 refertur
1184 984 1202 1003 a

67 1036 247 1070 Methodio
271 1036 306 1068 in
332 1035 420 1068 libro
444 1039 529 1080 περὶ
554 1039 626 1070 τῶν
650 1038 823 1080 γενητῶν,
851 1035 944 1080 cujus
968 1042 1123 1078 excerpta
1145 1032 1203 1064 ha-

66 1099 126 1131 bet
147 1097 290 1131 Photius
315 1097 402 1132 Cod.
426 1097 502 1132 235.
527 1101 575 1132 Et
600 1096 665 1132 οὐκ
690 1098 805 1139 ἔστιν,
829 1095 958 1140 inquit,
982 1092 1204 1142 δημιουργὸς

68 1158 158 1195 ἄνευ
183 1157 528 1204 δημιουργημάτων,
554 1156 577 1202 ἢ
596 1156 744 1202 ποιητὴς
760 1154 848 1193 ἄνευ
863 1154 1090 1202 ποιημάτων,
1117 1155 1203 1191 οὐδὲ

69 1218 332 1268 παντοκράτωρ
363 1217 450 1255 ἄνευ
481 1222 554 1254 τῶν
591 1223 859 1264 κρατουμένων.
919 1217 995 1253 Τὸν
1027 1216 1101 1263 γὰρ
1134 1218 1203 1261 δη-

69 1281 251 1329 μιουργὸν
275 1279 335 1316 διά
360 1294 395 1317 τε
421 1279 724 1328 δημιουργήματα
749 1280 900 1326 ἀνάγκη,
925 1281 986 1315 καὶ
1006 1279 1071 1315 τὸν
1093 1292 1204 1322 ποιη-

72 1344 139 1388 τὴν
163 1343 223 1378 διὰ
248 1342 291 1378 πὶ
323 1341 528 1388 ποιήματα,
562 1346 624 1377 καὶ
659 1343 722 1378 τὸν
753 1340 1030 1390 παντοκράτορα
1063 1339 1124 1375 διὰ
1158 1339 1201 1375 ια’

71 1404 302 1452 κρατούμενα
333 1406 522 1449 λέγεσθαι·
553 1401 700 1450 ἀνάγκη
725 1405 762 1444 ἐξ
786 1404 898 1451 ἀρχῆς
921 1401 1011 1438 αὐτὰ
1042 1402 1115 1437 ὑπὸ
1140 1404 1203 1436 τοῦ

70 1470 159 1503 θεοῦ
183 1468 418 1512 γεγενῆσθαι,
443 1467 504 1499 καὶ
523 1463 574 1509 μὴ
598 1462 692 1501 εἶναι
711 1465 861 1511 χρόνον,
889 1464 947 1501 ὅτε
965 1464 1030 1500 οὐκ
1054 1458 1099 1507 ἧν
1114 1466 1206 1498 ταῦ-

69 1543 123 1565 τα.
169 1529 215 1562 Et
243 1527 382 1561 deiude:
415 1526 537 1561 »Ἀλλὰ
561 1530 622 1562 καὶ
648 1527 898 1571 ἀλλοιοῦσθαι,
925 1529 986 1562 καὶ
1016 1524 1204 1572 μεταβάλ-

71 1594 147 1627 λειν
176 1589 242 1626 τὸν
271 1586 449 1635 ἄτρεπτον
479 1591 539 1624 καὶ
573 1591 818 1625 ἀναλλοίωτον
849 1588 1070 1635 συμβήσεται
1100 1586 1204 1624 θεόν.

71 1656 118 1688 Et
142 1651 214 1699 γὰρ
238 1650 390 1698 ὕστερον
419 1655 595 1694 πεποίηκε
620 1650 660 1686 τὸ
684 1653 779 1695 πᾶν,
811 1652 924 1695 δῆλον
956 1649 1008 1686 ὅτι
1042 1649 1115 1685 ἀπὸ
1141 1652 1204 1685 τοῦ

70 1713 122 1760 μὴ
147 1717 269 1749 ποιεῖν
300 1715 349 1751 εἰς
379 1711 418 1747 τὸ
450 1717 571 1748 ποιεῖν
600 1716 784 1758 μετέβαλε.
847 1715 962 1747 Τοῦτο
995 1712 1034 1747 δὲ
1066 1709 1206 1746 ἄτοπον

72 1774 163 1820 μετὰ
187 1777 260 1809 τῶν
283 1777 568 1819 προειρημένων.
620 1774 694 1809 Οὐκ
725 1771 794 1820 ἄρα
827 1772 985 1808 δυνατὸν
1012 1775 1130 1817 λέγειν
1153 1772 1204 1817 μὴ

74 1833 166 1872 εἶναι
192 1832 353 1880 ἄναρχον
377 1837 437 1869 καὶ
461 1835 651 1870 συναῖδιον
676 1838 723 1880 τῷ
749 1837 823 1880 θεῷ
850 1834 886 1869 τὸ
912 1836 998 1869 πᾶν.
1044 1833 1205 1875 ἱῦἰςῃυηι

75 1907 108 1931 et
140 1897 229 1930 istud
263 1905 312 1930 est
343 1896 649 1938 animadversione,
690 1898 781 1942 quod
813 1897 858 1930 ait
890 1895 1111 1929 Adamantius
1134 1895 1207 1927 Ho-

74 1960 146 1993 mil·
162 1959 220 1991 lV·
244 1958 278 1991 in
301 1958 419 1991 lsaiam
444 1972 538 1994 num.
563 1959 592 1994 1.
642 1959 759 2003 »Quae
784 1968 858 1991 ante
883 1959 1046 1991 mundum
1070 1957 1207 1997 fuerint,

74 2022 286 2064 ignoramus3
308 2021 445 2052 fuerunt
468 2033 572 2065 porro
597 2022 759 2065 quaedam
787 2030 862 2053 ante
887 2020 1061 2052 mundum.
1110 2019 1206 2063 Quae

75 2091 155 2127 post
178 2082 342 2114 mundum
367 2091 520 2115 secutura
544 2091 637 2122 sunt,
671 2083 712 2115 ad
738 2092 866 2115 certum
890 2095 958 2114 non
983 2080 1207 2125 apprehendi-

74 2156 170 2183 mus;
203 2152 299 2175 erunt
330 2152 441 2176 autem
479 2144 545 2177 alia
577 2154 655 2189 post
690 2145 886 2177 mundum«
942 2145 992 2176 Ne
1027 2143 1100 2187 quis
1125 2155 1205 2175 vero

75 2205 142 2237 Dei
165 2204 293 2238 Filium
318 2204 372 2237 hic
397 2204 577 2247 intelligat,
609 2206 665 2251 qui
697 2216 772 2240 ante
796 2206 927 2240 saecula
952 2218 969 2238 a
993 2205 1092 2238 Patre
1116 2205 1207 2247 geni-

76 2275 128 2300 tus
153 2276 211 2306 est,
236 2267 289 2299 vel
314 2266 479 2311 Spiritum
504 2278 664 2313 sanctum,
690 2269 746 2314 qui
771 2281 942 2314 nunquam
959 2281 1028 2301 non
1047 2269 1088 2301 ab
1113 2277 1207 2299 utro-
