1403 2492
208 96 276 133 274
545 95 657 129 Pmu
681 94 855 128 Dimittis
879 94 1013 129 Hunni

208 187 282 220 xios
305 186 529 227 arbitrentur,
553 198 630 219 cum
654 185 745 230 apud
769 184 885 218 Deum
910 197 980 218 non
1005 184 1170 219 sententia
1193 189 1350 221 sacen-‹ln-

209 259 294 289 tum,
318 249 378 281 sed
401 259 540 281 reorum
565 247 631 280 vita
657 256 867 292 quaeratur-,n
917 246 1047 280 Noxios
1072 247 1174 288 dicit,
1206 247 1265 293 qui
1288 262 1350 282 uo-

210 311 259 344 xis
281 310 455 355 impliciti,
478 310 572 343 nulla
595 310 763 343 scelerum
794 309 1020 354 poenitudine
1043 318 1244 352 tanguntur:
1268 310 1352 343 alio-

211 372 270 418 qui
293 385 396 405 nemo
422 371 509 405 solvi
533 380 647 417 potest
671 371 735 404 nisi
759 371 888 404 noxius.

301 434 431 468 Asserit
461 443 634 480 praeterea
674 433 839 476 Origenes
876 433 992 466 Tomo
1022 432 1118 466 Xlll.
1156 432 1191 466 in
1231 433 1351 469 Matth.

209 509 302 529 num.
329 495 397 537 31.,
422 495 547 538 ligandi
575 505 608 529 et
633 495 790 529 solvendi
815 503 1020 540 potestatem
1039 494 1198 528 omnibus
1222 508 1240 528 a
1256 495 1352 530 Clu-i-

209 567 262 591 sto
289 557 391 591 fuisse
422 570 635 598 concessam,
668 556 862 602 quicunque
894 556 1015 590 noxios
1046 565 1097 590 ter
1125 557 1352 602 reprehende·

208 619 288 653 rint.
336 620 387 652 Ita
418 619 533 652 Tomo
559 619 639 653 XII.
671 631 764 652 num.
790 619 842 654 10.
877 631 1015 652 omnem
1046 617 1172 652 Christi
1202 618 1351 664 discipu-

208 681 281 714 lum
304 690 436 726 petram
462 693 533 715 esse
558 681 622 721 ait,
657 693 760 725 super
792 694 891 726 quam
921 680 1062 714 ecclesia
1087 679 1211 714 Christi
1235 681 1353 714 aedist-

209 752 323 785 catur;
348 743 437 776 coeli
462 742 571 777 claves
595 742 756 788 perfectis
775 742 964 788 quibusque
982 741 1108 785 tribui3
1132 751 1163 774 et
1183 755 1352 788 quaecun-

208 817 275 850 que
298 805 436 838 tandem
459 805 564 839 Petro
588 804 765 850 pollicitus
781 814 830 838 est
849 804 1001 838 Christus
1020 805 1235 849 adepturum,
1262 805 1352 850 quis-

211 866 287 911 quis
299 866 403 899 Petro
428 867 576 900 similem
599 880 634 900 se
659 866 876 912 praestiterit.
911 867 1039 900 Verum
1055 866 1246 911 posteriora
1270 867 1350 900 hacc
1392 882 1397 886 ·

207 928 390 971 allegorice
416 928 506 963 dicta
531 942 622 969 esse,
644 941 713 962 non
738 921 947 972 dogmatice,
982 928 1069 961 illud
1102 928 1226 961 evincit
1257 930 1350 974 quod

208 991 341 1024 subest:
387 992 480 1037 EZ')
510 1005 563 1031 τις
593 993 690 1037 λέγει
719 993 846 1027 τοῦτο·
879 990 969 1036 023²)
1007 987 1041 1026 εἷ
1070 989 1088 1025 ὁ
1120 989 1297 1036 Χριστὸς,
1329 990 1348 1027 ὁ

209 1051 288 1092 υἱὸς
309 1055 374 1089 τοῦ
398 1055 489 1089 θεοῦ
514 1055 578 1089 τοῦ
603 1054 785 1095 ζιῦντοςς(ι
819 1051 910 1099 πρὸς
935 1051 1049 1087 αὑτὸν
1074 1052 1282 1098 (Χριστὸν,)
1307 1054 1349 1088 οὐ

209 1114 345 1162 σαρκὸς
374 1117 438 1150 καὶ
470 1117 624 1160 αἵματος
653 1113 978 1158 ἀποκαλυψάντων
1010 1113 1126 1159 αὐτῷ,
1163 1113 1253 1149 ἀλλὰ
1285 1118 1349 1151 τοῦ

212 1176 255 1212 ἓν
282 1180 358 1216 τοῖς
390 1176 561 1222 οὐρανοῖς
586 1175 733 1223 πατρὸς,
759 1174 917 1217 τεύξεται
947 1177 1021 1211 τῶν
1052 1177 1269 1221 εἰρημένων,
1303 1177 1351 1218 ὡς

207 1239 280 1286 μὲν
304 1236 344 1285 τὸ
367 1238 533 1287 γράμμα,
548 1241 614 1274 τοῦ
638 1239 855 1285 εὐαγγελίου
878 1240 988 1284 λέγει,
1013 1237 1106 1284 πρὸς
1121 1238 1263 1274 ἐκεῖνον
1286 1239 1351 1275 τὸν

208 1303 371 1347 Πέτρον·
396 1301 445 1342 ὠς
469 1301 509 1338 δὲ
533 1301 573 1336 τὸ
597 1302 747 1348 πνεῦμα
771 1300 884 1336 αὑτοῦ
908 1298 1089 1345 διδάσκει,
1113 1299 1206 1346 πρὸς
1228 1300 1350 1337 πάντα

208 1360 275 1397 τὸν
308 1364 533 1409 γένομενον,
571 1362 698 1403 ὁποῖος
736 1362 754 1398 ὁ
785 1366 922 1410 Πέτρος
951 1363 1099 1402 ἐκεῖνος.
1154 1363 1349 1397 ostendum

208 1422 301 1456 idem
326 1433 359 1457 et
382 1425 576 1469 sequentia,
611 1425 645 1458 in
677 1424 799 1470 quibus
834 1435 950 1470 portas
975 1423 1080 1457 Inferi
1106 1437 1175 1457 esse
1200 1434 1349 1469 peccata,

208 1485 361 1518 haereses
386 1498 456 1519 esse
480 1487 682 1527 daemones,
704 1499 805 1528 regna
831 1487 1009 1518 coelorum
1041 1487 1180 1519 virtutes
1205 1499 1276 1520 esse
1300 1487 1351 1519 di—

210 1547 267 1580 cit.
314 1547 434 1580 Priore
460 1558 584 1589 autem,
609 1561 712 1594 quem
737 1548 966 1588 laudavimus,
991 1547 1088 1588 loco,
1120 1548 1200 1581 licet
1224 1549 1348 1592 ligandi

209 1619 243 1642 et
273 1607 429 1643 solvendi
459 1620 663 1655 potestatem
696 1609 855 1643 omnibus
886 1609 1029 1649 tribuat,
1070 1609 1263 1656 quicunque
1297 1621 1349 1644 ter

207 1680 388 1716 peccantes
412 1671 658 1717 corripuerint;
683 1671 850 1717 peculiari
874 1680 987 1703 tamen
1009 1672 1128 1712 modo,
1153 1681 1186 1705 ct
1199 1673 1349 1718 pleniori

207 1741 387 1777 potestate,
409 1746 448 1766 ac
471 1733 601 1778 potiori
625 1733 698 1780 jure
722 1733 827 1766 Petro
851 1732 888 1765 id
914 1745 1112 1766 concessum
1137 1733 1238 1768 fuisse
1262 1736 1348 1778 vult,

208 1808 287 1828 eum
310 1794 345 1828 in
369 1807 439 1828 uno
465 1796 625 1828 duntaxat
651 1795 750 1828 coelo
786 1795 919 1827 solvere
951 1794 1030 1828 illos
1062 1805 1095 1828 et
1119 1795 1223 1838 ligare
1246 1810 1346 1842 posse

206 1857 366 1900 assu-met,
389 1857 528 1891 Petrum
553 1866 667 1890 autem
690 1856 724 1889 in
750 1856 919 1890 omnibus.
966 1857 1065 1890 Adde
1098 1858 1231 1891 easdem
1255 1861 1347 1904 apud

206 1919 323 1953 Patres
345 1932 446 1965 saepe
471 1919 664 1952 locutiones
688 1931 877 1959 occurrere,
902 1931 987 1964 quae
1011 1919 1054 1952 ad
1077 1929 1202 1953 rectam
1226 1921 1346 1955 itidem

207 1981 524 2026 interpretationem
547 1981 757 2014 revocandae
781 1990 872 2017 sunt.
915 1982 1073 2014 irenaeus
1105 1982 1163 2016 lib.
1189 1984 1246 2017 IV.
1273 1997 1345 2029 cap.

206 2041 262 2076 20.
303 2042 456 2077 »Omnes
488 2043 566 2088 justi
595 2043 842 2076 sacerdotalem
871 2042 995 2076 habent
1027 2043 1212 2079 ordinem.«
1262 2046 1346 2078 Ter-

206 2103 366 2137 tullianus
389 2103 468 2137 libr.
491 2105 533 2138 de
559 2104 794 2138 exhortatione
820 2103 998 2146 castitatis,
1024 2118 1097 2151 cap.
1121 2107 1152 2142 7.
1202 2108 1343 2141 »Nonne

302 2231 335 2276 ¹)
361 2231 431 2266 Cfr.
456 2233 509 2266 ed.
533 2242 667 2266 nostrae
692 2233 793 2267 Tom.
819 2234 880 2267 ΙΙΙ.
905 2247 978 2280 pag.
1006 2233 1080 2270 148.

299 2286 334 2334 ²)
357 2286 478 2322 Matth.
503 2288 597 2330 XVI,
622 2287 674 2323 16.

281 2420 294 2428 ο
