1403 2492
393 114 709 147 Omezmmonum
744 111 856 145 Lim-:n
882 112 928 145 II.
1179 113 1223 148 33

79 211 156 234 nint
186 201 268 235 hacc
299 203 437 236 adversa
468 202 580 235 fronte
610 214 687 235 cum
711 199 966 246 superioribus,
1005 210 1037 234 et
1062 200 1222 235 alterutra

82 263 177 295 cadat
201 264 369 297 accusatio
395 276 568 296 necessum
594 271 651 297 est.

172 325 292 358 Anima
323 325 396 358 sola
438 334 591 357 constare
620 324 794 357 bominem
826 324 1027 357 asseveravit
1058 325 1156 358 Plato
1186 325 1222 358 in

79 386 257 420 Alcibiade
289 388 338 427 1.,
364 400 475 432 quem
511 395 644 419 secutus
683 396 732 419 est
768 385 927 420 Plotinus
960 385 1047 420 Enn.
1083 386 1114 422 1.
1145 387 1222 421 libr.

79 447 174 480 Hanc
212 448 410 481 sententiam
448 457 576 481 veteres
613 457 746 480 secutus
783 446 1007 481 Academicos
1052 449 1222 482 damnavit

80 509 208 549 Varro,
244 519 280 542 ut
314 519 362 542 est
389 510 480 554 apud
509 509 733 551 Augustinum
769 509 846 543 libr.
873 508 925 544 19.
951 510 992 542 de
1019 509 1119 543 Cis-it.
1142 510 1223 551 Dei,

85 583 156 615 cap.
182 569 214 606 3.
251 569 400 604 Instituti
431 583 512 603 vero
544 584 562 604 a
585 571 730 604 Platone
754 570 926 603 Haeretici
959 570 1114 616 quidam,
1149 585 1224 604 sen-

78 633 285 678 tentiamque
310 631 380 678 ejus
405 632 575 674 assensui,
608 632 813 665 Tertulliani
839 632 1089 675 castigationem
1113 646 1224 666 sense-

79 703 166 728 runt.
213 693 270 727 Sic
306 693 395 726 enim
431 693 491 726 ille
527 693 605 728 libr.
638 694 680 726 de
718 703 897 730 resurrect.
931 693 1038 727 carnis
1070 707 1143 739 cap.
1168 694 1223 728 40.

81 756 231 788 »Nactae
256 754 403 800 denique
428 755 583 788 haereses
608 756 694 789 duos
718 755 874 788 homines
891 756 932 788 ab
953 757 1126 800 Apostolo
1153 757 1224 790 edi-

77 826 148 856 tos,
180 816 398 856 interiorem,
431 817 465 849 id
497 826 563 857 est,
596 817 759 859 animam;
793 826 827 850 et
850 817 1070 858 exteriorem,
1103 817 1137 850 id
1163 827 1224 859 est,

77 891 230 920 carnem3
253 879 397 911 salutem
423 878 561 923 quidem
587 879 729 919 animae,
754 878 790 911 id
815 887 875 918 est,
899 878 1054 911 interiori
1074 879 1224 922 homini;

82 939 220 972 exitium
245 953 328 972 vero
351 939 459 980 carni,
485 940 520 973 id
546 949 612 981 est,
638 941 797 974 exteriori
821 939 1118 987 adjudicaverunt,
1144 942 1223 986 quia

75 1001 239 1046 scriptum
264 1001 307 1034 sit
323 1001 523 1035 Corinthiis:
551 1003 684 1035 »nNam
703 1003 734 1047 ¹)
762 1002 824 1035 etsi
857 1002 962 1034 homo
987 1012 1104 1034 noster
1134 1012 1223 1035 exte-

75 1062 148 1095 rior
173 1064 414 1108 corrumpitur,
439 1065 498 1096 sed
523 1063 666 1096 interior
689 1073 872 1096 renovatur
897 1065 938 1097 de
967 1063 1021 1096 die
1047 1073 1079 1096 ct
1105 1064 1220 1097 die.««

77 1124 185 1157 Porro
210 1138 273 1157 nec
299 1125 407 1158 anima
433 1139 495 1170 per
519 1134 626 1157 semet
651 1124 759 1169 ipsam
790 1126 917 1166 homo,
950 1138 1035 1170 quae
1061 1126 1222 1167 figmento

76 1186 142 1231 jam
167 1186 296 1218 homini
332 1187 506 1231 appellato
537 1196 656 1231 postea
689 1187 812 1220 inserta
845 1196 913 1230 est3
947 1200 1009 1219 nec
1042 1201 1119 1220 caro
1153 1187 1223 1220 sine

77 1247 185 1280 anima
210 1248 335 1290 homo,
376 1261 461 1292 quae
493 1257 571 1292 post
603 1248 758 1281 exsilium
782 1248 913 1281 animae
939 1249 1082 1281 cadaver
1105 1249 1224 1281 inscri-

75 1308 206 1341 bitur.«
269 1309 329 1341 llis
361 1309 547 1342 Haereticis
585 1322 734 1342 assensus
770 1319 821 1342 est
855 1309 1037 1351 Origenes,
1074 1318 1108 1342 ct
1146 1319 1223 1354 post

66 1354 259 1411 ‘origenem
283 1370 454 1403 Arnobius
480 1370 537 1403 lib.
561 1371 593 1404 2.
619 1372 694 1404 adv.
712 1371 814 1404 Gent.
842 1370 964 1414 »Quid
992 1371 1082 1403 enim
1108 1384 1222 1403 sumus

66 1420 276 1471 mamines,«
303 1430 433 1476 inquit,
468 1431 559 1463 »nisi
584 1431 715 1465 animae
740 1433 942 1477 corporibus
969 1431 1151 1465 clausae?«
1190 1442 1221 1465 et

90 1481 183 1525 pulto
207 1501 287 1537 post
310 1493 410 1534 Hugo
435 1505 453 1525 a
478 1494 604 1527 Sancto
628 1493 768 1527 Victore
793 1494 852 1528 lib.
878 1495 922 1527 II.
949 1494 990 1526 dc
1013 1495 1218 1528 Sacrament.

66 1544 154 1587 ‘'‘idei
178 1564 264 1599 part.
290 1554 320 1589 1.
346 1567 418 1599 cap.
444 1555 516 1596 11.,
541 1568 618 1587 cum
643 1557 790 1600 probare
815 1556 938 1593 vellet,
971 1566 1046 1589 toto
1072 1556 1134 1589 illo
1160 1556 1219 1589 tri-

64 1607 155 1656 quo,
180 1629 248 1662 quo
275 1616 427 1649 Christus
451 1617 555 1661 jacuit
578 1617 613 1649 in
650 1618 829 1662 sepulcro,
859 1618 1012 1651 Verbum
1045 1619 1220 1651 hominem

73 1678 191 1711 fuisse:
222 1679 284 1711 hac
321 1678 409 1711 enim
433 1679 565 1711 ratione
589 1679 714 1719 utitur,
746 1678 819 1712 sola
843 1679 953 1712 anima
980 1690 1132 1714 constare
1159 1681 1221 1713 bo-

72 1739 219 1780 minem,
257 1741 387 1772 animae
419 1748 530 1772 autem
558 1740 684 1772 Christi
715 1752 733 1773 a
769 1753 914 1785 corpore
947 1742 1132 1788 disjunctae
1162 1744 1223 1775 ad-

73 1801 214 1834 haesisse
239 1802 402 1841 Verbum,
427 1801 580 1833 Verbum
604 1800 706 1842 igitur
730 1801 953 1836 nihilominus
980 1804 1083 1836 {uisse
1107 1804 1220 1836 homi-

71 1875 169 1902 nem,
201 1877 301 1908 quam
333 1864 414 1895 dum
441 1862 550 1895 anima
576 1862 716 1907 corpori
742 1873 828 1896 esset
852 1877 1010 1897 connexa.
1057 1865 1217 1909 Denique

70 1923 272 1968 opinionem
305 1925 447 1957 eandem
482 1924 586 1957 tuitus
611 1932 660 1956 est
691 1937 900 1968 proavorum
925 1935 1120 1958 nostrorum
1145 1939 1217 1959 me-

71 1986 180 2018 moria
203 1985 400 2018 Franciscus
426 1985 593 2027 Georgius
618 1985 721 2020 Tom.
748 1987 780 2022 1.
805 1987 923 2022 Probl.
949 1987 1003 2022 26.
1027 1987 1083 2022 27.

162 2047 267 2082 XVII.
306 2047 442 2081 Credita
472 2047 530 2080 illa
562 2057 595 2080 et
628 2057 752 2080 asserta
782 2050 824 2082 ab
851 2048 998 2092 Origene
1028 2049 1216 2082 animarum

71 2105 316 2154 nqozssnaqgtg,
341 2110 522 2142 earundem
548 2122 686 2154 quoque
717 2110 1049 2158 μετενσωμάτωσιν
1075 2125 1134 2144 cur
1157 2112 1216 2144 ad-

70 2169 242 2209 mitteret,
273 2182 404 2202 caussae
430 2171 511 2211 fuit,
543 2180 580 2203 ut
606 2171 767 2206 diximus:
792 2186 869 2206 nam
898 2185 974 2206 cum
1000 2173 1124 2206 animas
1150 2186 1213 2218 pro

170 2292 200 2337 ¹)
233 2293 274 2326 ll.
300 2293 380 2326 Cor.
407 2293 464 2333 IV,
491 2294 544 2328 16.

71 2354 249 2389 Omoemus
274 2355 410 2389 OPERA.
461 2355 490 2388 T
495 2366 556 2392 OM.
584 2357 709 2392 XXIII.
993 2361 1014 2396 3
