1403 2492
396 91 705 124 Omcemmonum
732 90 804 122 Lm.
824 89 866 122 11.
1131 91 1197 126 253

69 181 173 222 disse;
197 193 305 225 coque
331 180 473 214 multum
506 180 546 212 de
572 188 707 211 naturae
740 179 886 221 integrae
912 178 1071 220 dignitate
1098 179 1196 211 dero-

69 255 170 284 gasse,
194 242 228 275 in
254 256 317 287 qua
332 243 488 283 Adamns,
514 254 590 274 cum
616 241 650 272 in
675 240 794 273 facicm
815 240 918 285 ipsius
931 240 1071 285 spiravit
1092 241 1197 281 Deus,

68 304 234 348 Spiritum
259 313 408 336 sanctum
433 302 573 347 accepit.
622 303 748 334 Verum
773 311 966 346 postremus
991 301 1050 334 ille
1077 301 1197 344 Orige-

68 366 118 398 nis
144 366 238 397 locus
263 379 300 398 ex
333 364 484 409 proxime
515 362 730 408 praecedenti
761 362 978 407 explicandus
1011 372 1076 396 est:
1106 364 1196 396 unde

69 426 244 471 apparebit
270 426 370 458 vitam
396 426 504 471 ipsum
529 424 709 456 mortalem
742 437 818 456 cum
844 424 954 456 futura
986 437 1197 469 comparasse

69 488 147 528 vita,
172 497 205 521 et
230 488 429 520 existimasse
454 500 514 519 nos
538 486 572 518 in
596 486 690 518 illam
714 486 932 530 prodeuntes,
956 487 996 518 ab
1011 495 1087 518 ortu
1101 499 1197 530 prac-

69 550 155 581 ferre
180 549 357 591 imaginem
382 548 459 589 Dei,
483 548 547 580 hoc
573 557 634 588 est,
658 557 694 580 ut
720 547 764 579 ait
788 546 878 592 ipse:
916 547 1196 592 »possibilitatem

67 610 285 656 perfectionis
317 609 478 642 divinitus
508 610 663 642 datam:«
699 618 770 642 tum
802 622 878 641 cum
911 618 1081 641 crearetur
1108 609 1198 641 Ada-

69 686 158 713 mus;
189 672 420 704 adumbratam
452 684 532 703 vero
557 684 619 716 per
643 681 733 703 recte
758 671 844 703 facta
867 669 1137 710 similitudinem,
1162 671 1196 703 in

66 734 217 778 sequenti
241 746 335 772 aevo,
358 732 427 765 sive
456 732 506 765 »in
534 732 870 772 consummationc,«
899 733 1055 765 omnibus
1079 744 1197 764 nume-

67 795 111 828 ris
135 794 176 827 iri
207 794 408 826 absolutum.
459 793 562 837 Quod
600 793 629 826 si
668 794 847 836 imaginem
878 794 945 826 Dei
981 794 1065 827 nihil
1103 793 1196 826 aliud

66 867 136 888 esse
168 856 276 888 voluit
308 855 488 898 Origenes,
524 868 622 900 quam
664 855 945 900 »possibilitatem
976 855 1197 901 perfectionis

65 916 224 950 divinitus
249 918 398 958 datam,«
435 927 471 949 ut
494 929 573 961 prae
598 929 632 950 se
657 918 725 949 fert
747 917 924 950 Rufiniana
949 917 1197 962 interpretatiO,

64 980 216 1024 sequitur
238 979 348 1024 ipsum
373 979 569 1023 neutiquam
596 979 761 1012 censuisse
786 992 823 1012 ea
838 980 1007 1012 Adamum
1025 978 1197 1019 excidisse,

65 1040 192 1086 quippe
217 1054 316 1085 quem
341 1041 441 1085 plena
464 1054 634 1086 nunquam
659 1054 728 1073 non
747 1041 902 1074 libertate
920 1041 1099 1074 fruiturum
1126 1054 1196 1074 esse

64 1101 246 1134 sexcenties
270 1102 473 1134 asseverarit.
520 1103 673 1135 Eandem
704 1116 809 1147 porro
839 1103 990 1144 imaginis
1022 1112 1055 1135 et
1078 1103 1197 1135 simili-

65 1163 188 1196 tudinis
215 1163 466 1196 distinctionem
490 1163 699 1195 retinuerunt
722 1163 916 1196 Victorinus
943 1164 1000 1197 lib.
1024 1165 1053 1199 1.
1079 1165 1196 1196 adver—

65 1238 119 1257 sus
148 1224 274 1263 Arium,
301 1234 332 1256 et
356 1223 544 1257 Eucherius
568 1224 799 1266 Lugdunensis
825 1224 883 1257 lib.
913 1224 942 1259 1.
976 1224 1009 1257 in
1035 1224 1195 1265 Genesin,

66 1295 99 1318 et
123 1285 258 1318 Nicetas
282 1285 315 1318 in
331 1285 504 1318 Thesauro
523 1285 731 1318 orthodoxae
755 1286 846 1328 fidei,
872 1285 930 1320 lib.
944 1287 1001 1320 lV.
1027 1286 1126 1320 Haer.
1140 1286 1194 1321 31.

131 1348 174 1381 X.
199 1347 248 1380 Ex
272 1346 501 1391 superioribus
527 1348 582 1379 lux
608 1347 809 1380 conciliatur
833 1348 979 1380 obscuro
1004 1360 1041 1380 ac
1058 1347 1192 1380 difficili

64 1409 221 1452 Origenis
245 1409 322 1442 loco
349 1409 449 1441 Tom.
472 1409 566 1443 le.
592 1409 625 1441 in
649 1409 771 1443 Matth.
796 1422 888 1442 num.
916 1409 981 1449 16.,
1004 1409 1062 1442 ubi
1077 1410 1118 1441 ab
1131 1409 1191 1441 ho-

63 1471 226 1510 minihus,
261 1470 318 1515 qui
350 1470 453 1502 humo
487 1470 623 1503 formati
647 1479 741 1510 sunt,
772 1483 829 1503 eos
854 1470 1044 1513 distinguit,
1069 1471 1127 1515 qui
1151 1471 1193 1504 ad

61 1532 128 1565 Dei
159 1531 415 1565 similitudinem
447 1532 542 1564 fuere
573 1532 758 1577 procreati:
788 1530 967 1579 ’Ύσιερον
1001 1531 1074 1579 γάρ
1103 1545 1194 1568 ποτε

61 1596 230 1638 ἐκείνων,
266 1593 392 1638 inquit,
422 1594 556 1630 ἔπλασε
587 1593 711 1640 κύριος
739 1593 756 1629 ὁ
782 1593 864 1633 θεὸς
889 1593 954 1628 τὸν
977 1591 1192 1640 ἄνθρωπον,

57 1658 153 1702 χοῦν
177 1655 297 1698 λαβὼν
321 1654 395 1690 ἀπὸ
419 1658 479 1699 τῆς
503 1659 580 1701 γῆς,
607 1658 667 1690 καὶ
698 1655 772 1691 ἀπὸ
804 1659 865 1698 τῆς
896 1658 1057 1701 πλευρᾶς
1081 1656 1192 1690 αὐτοῦ

61 1717 126 1761 τὴν
149 1714 297 1761 βοηθόν.
346 1715 469 1748 Factos
502 1716 628 1761 quippe
660 1718 700 1749 ad
732 1717 909 1759 imaginem
935 1717 1002 1749 Dei
1026 1717 1191 1758 homines,

61 1777 238 1811 interiores
269 1777 421 1809 homines
455 1787 486 1809 et
516 1778 707 1822 spirituales
738 1778 912 1820 intelligit,
950 1778 1124 1811 sensilium
1154 1792 1191 1811 ac

61 1838 291 1884 corporalium
330 1852 443 1871 rerum
475 1840 674 1881 contagione
705 1840 880 1872 immunes.
941 1841 1040 1873 Unde
1080 1840 1191 1873 statim

61 1900 191 1946 adjicit:
218 1900 314 1934 Οὗδέ
341 1914 427 1935 ποτε
459 1901 530 1946 γὰρ
562 1901 652 1946 γυνὴ
687 1901 759 1935 κατ’
788 1900 930 1945 εἰκόνα,
973 1901 1056 1936 οὐδὲ
1082 1900 1189 1948 ἀνήρ·

60 1962 134 1996 ἀλλ’
163 1964 196 1996 οἱ
219 1962 288 2007 μὲν
312 1963 558 2008 διαᾳέροντες,
585 1961 709 2010 ι’ἱῤῥεν·
745 1965 779 1997 οἵ
804 1964 843 1998 δὲ
868 1963 1048 2009 δεύτεροι,
1083 1966 1189 2008 θῆλυ.

62 2023 131 2068 Qui
158 2024 247 2056 carni
272 2032 382 2056 autem
408 2024 513 2056 dediti
540 2029 634 2064 sunt,
668 2034 699 2057 et
725 2025 819 2058 fluxis
852 2039 888 2058 ac
914 2025 1058 2058 sordidis
1090 2027 1190 2058 rebus

60 2086 280 2124 delectantur,
306 2098 362 2117 eos
388 2099 455 2118 esse
481 2086 596 2118 statuit
613 2086 718 2118 virum
739 2097 770 2119 et
788 2101 938 2127 uxorem,
964 2089 1050 2119 duos
1067 2100 1189 2132 nempe

59 2146 93 2178 in
118 2159 183 2178 una
209 2159 315 2179 carne.
365 2147 531 2180 Similiter
554 2147 655 2180 Philo
682 2148 853 2181 hominem
880 2163 916 2181 ex
944 2149 1045 2180 humo
1072 2149 1188 2181 fictum

58 2208 99 2240 ab
124 2221 164 2239 eo
190 2206 331 2252 sejungit
358 2218 389 2241 ct
414 2209 574 2248 secernit,
607 2209 662 2253 qui
698 2211 737 2242 ad
764 2210 941 2252 imaginem
968 2211 1034 2243 Dei
1060 2221 1188 2243 creatus

60 2279 128 2311 est;
152 2270 209 2301 sed
234 2282 303 2302 rem
330 2271 426 2302 aliter
453 2271 614 2314 explicam
648 2270 735 2303 inune
767 2272 892 2316 qnippe
919 2272 1091 2304 hominem
1119 2285 1187 2304 esse
