1403 2492
387 85 698 116 Omessmmomm
728 82 840 114 Lmen
870 83 910 114 ΙΙ.
1160 80 1219 113 157

85 174 151 206 ritu
177 173 300 206 fuerim
326 172 504 217 baptizati,
538 181 568 204 et
595 171 794 216 purgatione
827 171 988 211 eguerint.
1037 169 1065 201 E
1090 178 1221 201 contra-

83 235 135 267 rio
159 248 240 267 vero
266 235 395 268 Homil.
424 236 464 267 ΙΙ.
490 234 522 266 in
547 233 672 265 Jerem.
705 246 797 266 num.
823 233 854 267 3.
881 241 1011 264 sanctos
1037 230 1120 262 dicit,
1143 230 1221 274 Spi-

83 296 150 328 ritu
175 305 290 328 sancto
316 309 333 328 a
358 297 438 328 Jesu
463 294 636 339 baptizari,
662 295 822 327 scelestos
854 307 932 326 vero
966 293 1050 335 igne.
1099 292 1221 324 Homi—

85 359 128 390 lia
153 367 264 390 autem
291 359 400 390 XXV.
427 357 458 389 in
485 358 584 390 Num.
611 370 702 389 num.
728 356 758 390 6.
791 368 1068 400 unumquemque
1100 366 1221 398 purga-

83 420 175 452 tione
201 419 350 461 indigere
367 418 430 457 nit,
459 418 543 450 »sed
568 418 706 464 mystica
740 418 821 450 haec
855 430 924 450 esse
958 426 989 449 et
1024 415 1220 448 ineffabilia.

83 480 169 524 Quis
195 482 282 513 enim
308 479 436 519 nobis‚«
464 479 584 524 inquit,
614 492 785 512 uenarrare
812 478 950 523 poterit,
976 491 1060 522 quae
1077 477 1143 509 sint
1158 490 1217 521 pu-

82 542 286 575 rificationes
311 554 395 586 quae
421 551 581 585 parentur
606 541 724 580 Paulo,
751 541 803 573 vel
829 541 951 580 Petro,
983 540 1036 571 vel
1062 539 1136 571 aliis
1161 538 1222 570 ho-

82 617 156 636 rum
180 603 395 636 similibus?«
448 603 606 635 Ceterum
633 612 782 636 montem
808 601 965 642 origenis
988 614 1108 646 parum
1135 613 1221 633 asse-

82 665 151 698 cuti
175 674 251 697 sunt
275 665 386 698 Sixtus
411 665 567 698 Senensis
600 674 633 697 et
658 664 914 703 Genebrardus,
947 663 1047 694 verba
1075 661 1144 706 ejus
1168 673 1222 693 re-

81 726 218 759 ferenda
244 734 414 759 censentes
447 727 487 758 ad
519 726 630 768 ignem
668 726 808 758 ultimae
842 722 1131 765 conflagrationis,
1163 722 1220 766 qui

81 787 208 819 electos
233 788 395 832 quosdam
421 788 574 820 nondum
605 788 682 821 satis
706 796 866 832 purgatos
893 784 1066 824 lustrabit,
1102 796 1220 828 repro-

79 849 142 881 bos
168 861 247 881 vero
281 862 397 882 omnes
430 850 679 894 apprehendet:
714 863 790 882 nam
815 860 865 882 *ne
897 846 1123 880 sanctissimos
1148 845 1221 890 qui-

80 912 168 950 dem,
193 910 334 943 Petrum
358 920 457 955 puta,
483 912 537 943 vel
562 912 724 950 Paulum,
750 911 814 943 hoc
840 911 914 952 igne
940 909 1073 942 futuros
1097 908 1219 940 immu-

78 985 136 1005 nes
161 973 380 1005 Adamantius
405 973 593 1006 arbitratur.

169 1036 231 1068 ΙΙΙ.
281 1037 358 1077 lgne
383 1036 447 1068 hoc
473 1035 608 1080 probati
634 1035 787 1068 homines
814 1034 903 1067 varia
929 1034 1004 1065 loca
1030 1046 1091 1077 pro
1119 1031 1220 1063 meri-

80 1096 122 1128 tis
148 1109 185 1128 ex
212 1097 348 1129 decreto
376 1097 532 1139 Origenis
557 1096 753 1136 sortientur,
780 1096 836 1128 alii
855 1097 1035 1133 infernum,
1061 1094 1219 1137 variaque

81 1157 203 1190 inferni
230 1158 314 1198 loca,
340 1167 372 1190 et
399 1159 604 1199 mansiones;
631 1168 664 1190 et
682 1158 971 1202 quemadmodum
991 1166 1123 1188 terrena
1139 1155 1220 1187 haec

80 1218 155 1252 loca
179 1219 348 1252 mentibus
382 1233 399 1252 e
432 1220 571 1252 coelesti
603 1219 780 1252 domicilio
815 1227 957 1262 propter
992 1226 1129 1261 peccata
1163 1218 1220 1249 de-

79 1280 220 1313 turbatis
245 1294 308 1324 pro
334 1281 467 1313 inferno
491 1282 671 1321 habentur,
703 1281 750 1313 ita
780 1279 975 1312 hominibus
1009 1294 1024 1310 e
1058 1288 1145 1311 terra
1170 1278 1218 1311 di·

81 1341 201 1383 gressis
227 1351 259 1374 et
284 1343 410 1374 scelere
437 1343 673 1376 contaminatis
698 1341 896 1374 inferiorem
911 1340 1067 1381 assignari
1091 1340 1218 1379 sedem,

81 1416 165 1448 quae
190 1404 345 1437 Infernus
370 1405 573 1449 appellatur.
626 1403 727 1449 Τάχα
753 1406 790 1438 δὲ
806 1431 814 1445 ,
840 1402 950 1446 iuquit
975 1415 1047 1446 cap.
1074 1403 1102 1436 1.
1137 1402 1217 1434 Phi-

80 1464 158 1506 loc„
182 1464 304 1510 ὥσπερ
334 1468 369 1501 οἱ
393 1467 563 1502 ἐντεῦθεν
588 1465 677 1500 κατὰ
703 1465 767 1500 τὸν
780 1465 908 1500 κοινὸν
931 1462 1096 1499 θάνατον
1120 1463 1218 1499 ἀπο-

79 1525 310 1572 θνήσκοντες,
337 1530 376 1563 ἑκ
401 1530 473 1562 τῶν
497 1530 659 1564 ἐνταῦθα
680 1531 956 1573 πεπραγμένων
974 1528 1219 1571 οἰκονομοῦν-

80 1601 149 1632 ται,
175 1591 207 1625 εἰ
229 1594 390 1634 κριθεῖεν
414 1588 506 1630 ἄξιοι,
531 1593 595 1626 τοῦ
621 1593 850 1634 καλουμένου
865 1592 1005 1634 χωρίου
1023 1586 1128 1633 ᾅδου,
1153 1586 1217 1623 τό-

79 1645 161 1685 πὶυν
177 1650 369 1697 διαφόρων
388 1653 582 1698 τυγχάνειν
597 1653 687 1688 κατὰ
704 1652 769 1695 τὴν
784 1651 988 1696 ἀναλογίαν
1004 1652 1078 1685 τῶν
1094 1648 1218 1695 ἁμαρ-

80 1711 268 1756 τημάτων·
307 1711 420 1753 οὕτως
452 1717 486 1749 οἱ
518 1716 678 1758 ἐκεῖθεν,
704 1714 747 1748 ἵν’
774 1712 886 1752 οὕτως
911 1716 1020 1756 εἴπω,
1046 1711 1218 1755 ἀποθνή-

81 1785 226 1814 σκοντες
250 1776 300 1814 εἰς
333 1776 397 1810 τὸν
428 1774 523 1821 ᾅδην
552 1780 682 1812 τοῦτον
711 1779 970 1819 καταβαίνουσι
1007 1773 1214 1820 κρινόμενοι

83 1832 175 1875 ἄξιοι
199 1838 271 1871 τῶν
294 1839 358 1871 τοῦ
383 1837 521 1878 παντὸς
545 1842 731 1884 περιγειόυ
755 1835 871 1871 τόπου
897 1834 1090 1881 διαφόρων
1115 1838 1216 1880 οἰκη-

82 1902 212 1942 τηρίων
235 1898 439 1942 βελτιόνων,
468 1898 700 1945 ἢχειρὸνων.
750 1898 846 1942 Quae
878 1897 924 1930 sic
949 1910 968 1929 a
992 1897 1117 1930 Rufino
1140 1898 1218 1931 red—

83 1958 151 1991 dita
175 1968 252 1991 sunt
276 1960 351 1993 libr.
378 1962 434 1994 lv.
468 1965 550 2007 περὶ
576 1962 699 2007 ἀρχῶν
730 1975 800 2005 cap.
826 1959 857 1993 2.
883 1972 974 1992 num.
997 1958 1052 1994 23.
1102 1960 1215 1993 »For-

83 2020 176 2053 tassis
200 2021 290 2053 enim
314 2021 400 2054 sicut
424 2023 468 2063 hi,
495 2024 551 2068 qui
576 2025 617 2056 de
642 2024 707 2056 hoc
740 2023 868 2055 mundo
902 2022 1087 2054 secundum
1122 2035 1214 2054 com-

81 2096 219 2116 munem
243 2093 388 2117 mortem
412 2084 507 2118 istam
531 2088 727 2119 recedentes
751 2098 814 2130 pro
840 2084 968 2117 actibus
994 2083 1060 2115 suis
1088 2093 1121 2115 et
1144 2097 1215 2116 me-

81 2145 153 2178 ritis
178 2145 422 2190 dispensantur,
447 2157 550 2192 prout
575 2148 665 2190 digni
689 2147 813 2180 fuerint
830 2145 981 2192 judicati,
1006 2145 1062 2177 alii
1076 2145 1213 2190 quidem

81 2207 114 2239 in
140 2208 265 2247 locum,
291 2209 347 2252 qui
374 2208 496 2240 dicitur
521 2209 690 2250 Infernus,
715 2209 771 2242 alii
798 2209 831 2240 in
857 2208 966 2240 sinum
994 2207 1156 2247 Abrahae,
1182 2216 1213 2239 et

80 2281 142 2318 per
167 2269 295 2302 diversa
320 2283 472 2314 quaeque
498 2272 550 2304 vel
583 2273 674 2311 loca,
713 2272 764 2303 vel
797 2269 1004 2302 mansiones:
1036 2269 1079 2300 ita
1112 2267 1212 2300 etiam
