1403 2492
376 53 691 86 Omossumnonum
718 49 830 81 Lmen
856 50 897 83 II.
1132 50 1196 84 129

53 142 143 175 Tum
168 140 280 174 addit:
314 140 446 184 »Quod
478 152 553 172 curn
586 137 630 170 ita
663 138 722 176 sit.
760 137 842 182 quid
878 139 920 170 de
945 139 1193 172 resurrectione

53 203 176 236 sentiat
201 202 419 248 perspicuum
445 210 530 233 est.«
585 198 717 231 Deinde
742 200 844 232 verba
868 199 1025 241 Origenis
1057 199 1090 232 in
1115 213 1193 232 ean-

53 266 141 297 dem·
157 263 381 309 conspirantia
407 261 607 295 sententiam
630 260 851 305 sequentibus
875 260 1041 305 capitibus
1065 262 1193 306 produ-

2 317 5 320 ·
52 326 109 363 cit.
155 326 288 360 Similia
313 324 420 369 carpit
447 324 479 356 in
505 324 637 356 Joanne
663 322 979 368 Hierosolymitano
1015 322 1111 367 epist.
1138 323 1192 358 61.

51 388 93 420 ad
117 386 308 420 Panimach.
358 386 438 430 Quo
465 395 498 418 et
521 385 607 417 illud
633 383 798 429 pertinet,
831 385 926 429 quod
957 384 1092 429 scripsit
1115 385 1191 419 libr.

53 448 106 483 12.
132 448 164 481 in
189 448 311 482 Ezech.
337 447 390 482 40.
442 448 545 480 »Non
579 446 672 490 quod
702 444 795 491 juxta
827 444 1053 478 saevissimam
1077 446 1194 479 haere—

51 509 101 542 sin
127 523 271 554 corpora
295 509 461 542 abolenda
487 507 701 541 credamus.«
753 507 966 551 Theophilus
990 507 1192 540 Alexandri-

51 584 113 603 nus
138 571 233 615 epist.
265 570 381 603 Pascli.
406 569 438 604 2.
489 569 608 601 »Inter
638 578 748 601 cetera
780 569 881 601 etiam
909 569 1192 601 resurrectionem

53 645 71 664 a
95 632 249 673 mortuis,
273 644 357 677 quae
380 644 456 675 spes
481 629 595 663 salutis
619 640 752 663 nostrae
777 640 844 670 est,
876 630 922 663 ita
947 631 1137 675 corrumpit
1161 641 1194 664 et

54 693 159 726 violat
182 693 394 739 (Origenes),
419 702 455 725 ut
480 693 601 725 audeat
634 694 764 733 dicere,
799 705 944 737 corpora
976 701 1089 725 nostra
1118 706 1192 725 rur-

51 767 124 787 sum
151 754 359 799 corruptioni
385 764 418 787 et
442 754 545 787 morti
565 753 770 800 subjacentia
784 754 977 787 suscitariz«
1006 764 1039 786 et
1054 764 1190 799 postea:

55 815 175 848 »Dicit
199 829 354 860 corpora,
381 829 465 860 quae
490 825 668 858 resurgunt
691 825 770 860 post
794 817 900 848 multa
918 815 1060 854 saecula,
1084 815 1118 848 in
1141 816 1191 848 ni-

51 876 158 910 bilum
184 877 408 917 dissolvenda,
434 891 496 910 nec
522 880 634 910 sutura
660 878 800 922 aliquid,
825 877 888 909 nisi
912 890 990 909 cum
1015 878 1056 909 de
1076 878 1191 910 coelo-

52 952 126 971 rum
151 939 381 971 mansionibus
407 939 536 972 animae
561 940 602 972 ad
627 939 789 972 inferiora
813 939 962 984 dilapsae
987 939 1193 981 indiguerint

52 1000 161 1040 nobis,
185 1014 269 1045 quae
295 1000 378 1032 aliae
403 1014 533 1033 rursum
561 1001 650 1041 fiant,
675 1001 846 1045 prioribus
872 1001 1012 1033 omnino
1029 1002 1156 1035 deletis.
1171 1016 1187 1030 «ι

52 1062 141 1094 Tum
166 1062 267 1095 infra:
295 1063 426 1105 »Quod
453 1063 500 1102 si,
536 1072 573 1095 ut
597 1063 687 1110 falso⁴
704 1072 799 1107 putat
825 1062 1008 1104 Origenes,
1037 1076 1108 1096 non
1137 1077 1193 1098 so-

54 1124 134 1173 lum,
150 1123 390 1168 corruptibile,
421 1124 481 1155 sed
507 1133 540 1156 et
563 1124 708 1156 mortale
733 1137 855 1168 corpus
881 1133 929 1155 est
951 1124 1192 1164 suscitandum,

53 1197 132 1226 ergo
157 1198 262 1216 unum
286 1194 387 1229 atque
410 1185 502 1217 idem
529 1187 704 1229 corruptio
731 1195 763 1217 et
795 1184 1044 1229 incorrupti0.«
1098 1188 1193 1219 Alter

55 1245 125 1291 ejus
158 1246 254 1278 locus
284 1235 442 1279 adversus
473 1248 559 1280 hanc
591 1247 743 1280 haeresin
775 1260 812 1279 ex
847 1248 990 1291 quadam
1030 1248 1123 1293 epist.
1150 1250 1193 1281 ad

53 1316 197 1346 sanctoS,
221 1306 280 1351 qui
305 1318 398 1340 erant
428 1308 463 1340 in
494 1308 604 1347 Secti,
638 1308 852 1352 depromitur
879 1320 896 1339 a
932 1309 1121 1342 Justiniano
1157 1310 1192 1343 in

53 1367 149 1412 epist.
179 1369 222 1400 ad
252 1369 406 1401 Menam:
439 1382 501 1402 nec
531 1382 601 1401 non
643 1379 676 1402 et
709 1370 804 1401 locus
837 1383 875 1400 ex
906 1381 959 1413 ep.
995 1370 1117 1416 cyrilli
1149 1373 1190 1404 ad

52 1429 246 1469 monachos,
272 1430 327 1475 qui
354 1439 447 1463 erant
470 1431 503 1463 in
528 1431 642 1471 Phua,
667 1445 735 1476 quo
761 1431 966 1473 significatur
989 1433 1191 1466 anathemati

53 1490 242 1537 subjeetum
266 1491 367 1524 fuisse
394 1491 588 1534 Origenem,
616 1493 709 1537 quod
733 1503 949 1526 mortuorum
974 1495 1193 1527 resurrectio-

51 1566 129 1586 nem
152 1552 332 1596 negaverit.
380 1553 469 1586 Huic
494 1568 546 1598 ep.
577 1555 618 1587 ad
650 1555 788 1587 Menam
818 1555 990 1597 geminum
1022 1554 1194 1600 subjungi-

52 1624 107 1648 tur
130 1628 168 1648 ex
193 1615 341 1657 Origene
366 1615 599 1648 testimonium
624 1617 689 1649 hoc
714 1629 828 1649 errore
854 1617 1069 1660 adspersum,
1100 1617 1192 1651 aliud

54 1689 92 1709 ex
117 1676 193 1710 libr.
218 1676 251 1711 2.
276 1681 359 1720 πξρὶ
385 1677 518 1721 ἀρχῶν,
546 1691 613 1722 quo
640 1691 783 1722 corpora
809 1679 850 1710 ab
875 1678 1031 1710 omnibus
1056 1678 1193 1722 deposi-

52 1747 136 1778 tum,
162 1746 195 1770 et
220 1737 253 1769 in
279 1737 423 1770 nihilum
448 1739 622 1771 redactum
640 1739 680 1770 iri
700 1739 866 1779 statuitur,
891 1753 966 1771 cum
985 1739 1062 1771 Deo
1079 1740 1191 1773 omnia

54 1798 290 1844 subjicientur,
326 1813 525 1844 rursumque
557 1801 670 1833 futura
705 1813 860 1844 corpora,
897 1800 924 1832 si
961 1801 1142 1834 rationales
1174 1815 1193 1835 a

55 1860 285 1904 superioribus
310 1861 531 1894 descendant:
565 1861 656 1893 aliud
681 1875 719 1893 ex
744 1862 833 1894 libro
858 1862 909 1902 4.,
940 1875 1008 1906 quo
1033 1863 1124 1896 idem
1149 1864 1192 1897 si-

54 1921 239 1963 gnificatur.
289 1922 453 1965 Queritur
484 1932 657 1967 praeterea
688 1923 895 1956 Justinianus
925 1925 1016 1969 apud
1041 1925 1191 1969 quintam

53 1983 231 2028 synodum,
255 1983 290 2015 in
315 1984 468 2028 epistola,
494 1998 591 2029 quam
618 1984 796 2029 descripsit
816 1985 999 2025 Cedrenus,
1025 1986 1192 2020 affirmare

56 2044 280 2086 Origenistas,
312 2043 364 2080 ὅτι
390 2046 567 2090 παντελής
593 2048 665 2081 ἐστι
693 2049 765 2081 τῶν
790 2046 970 2091 σωμάτων
996 2047 1189 2094 ἀναίρεσις,

55 2104 166 2141 αὐτοῦ
191 2108 254 2140 τοῦ
281 2111 406 2153 κυρίου
430 2107 575 2155 πρώτου
599 2108 870 2154 ἀποτιθεμένου
896 2107 934 2144 τὸ
960 2110 1058 2145 ἴδιον
1070 2112 1189 2156 σῶμα,

54 2169 116 2202 καὶ
139 2169 212 2202 τῶν
235 2170 377 2203 λοιπῶν
401 2167 597 2213 ἁπάντων,
631 2173 691 2205 καὶ
724 2170 776 2206 ὅτι
809 2171 1088 2216 ἀνακομίζονται
1115 2171 1191 2206 πά-

52 2232 110 2263 λιν
142 2227 298 2269 ἅπαντες
330 2234 379 2269 εἰς
410 2230 474 2272 τὴν
506 2230 617 2275 αὐτὴν
641 2231 775 2275 guida,
809 2236 868 2267 καὶ
902 2237 1063 2277 γίνονται
1100 2233 1190 2278 νόες,

75 2281 78 2285 ’
96 2290 272 2325 Omsssms
294 2291 431 2326 OPERA.
458 2293 554 2326 Tom.
568 2294 700 2327 XXIII.
972 2294 993 2327 9
