<?xml version="1.0" encoding="UTF-8"?>
<!DOCTYPE html PUBLIC "-//W3C//DTD XHTML 1.0 Transitional//EN"
    "http://www.w3.org/TR/xhtml1/DTD/xhtml1-transitional.dtd">
<html xmlns="http://www.w3.org/1999/xhtml" xml:lang="en" lang="en">
 <head>
  <title>
</title>
<meta http-equiv="Content-Type" content="text/html;charset=utf-8" />
  <meta name='ocr-system' content='tesseract 3.04.00' />
  <meta name='ocr-capabilities' content='ocr_page ocr_carea ocr_par ocr_line ocrx_word'/>
</head>
<body>
  <div class='ocr_page' id='page_1' title='image "./operaomniaquaegr23orig/operaomniaquaegr23orig_0259.png"; bbox 0 0 1403 2492; ppageno 0'>
   <div class='ocr_carea' id='block_1_1' title="bbox 415 75 1232 111">
    <p class='ocr_par' dir='ltr' id='par_1_1' title="bbox 415 75 1232 111">
     <span class='ocr_line' id='line_1_1' title="bbox 415 75 1232 111; baseline 0.004 -3"><span class='ocrx_word' id='word_1_1' title='bbox 415 76 728 110; x_wconf 65' lang='lat' dir='ltr'>Omenmmonum</span> <span class='ocrx_word' id='word_1_2' title='bbox 761 76 871 110; x_wconf 66' lang='lat' dir='ltr'>Lmen</span> <span class='ocrx_word' id='word_1_3' title='bbox 896 77 941 108; x_wconf 92' lang='lat' dir='ltr'>II.</span> <span class='ocrx_word' id='word_1_4' title='bbox 1166 75 1232 111; x_wconf 81' lang='lat'>245</span> 
     </span>
    </p>
   </div>
   <div class='ocr_carea' id='block_1_2' title="bbox 89 163 1230 2235">
    <p class='ocr_par' dir='ltr' id='par_1_2' title="bbox 91 163 1230 1123">
     <span class='ocr_line' id='line_1_2' title="bbox 99 163 1230 209; baseline 0.001 -13"><span class='ocrx_word' id='word_1_5' title='bbox 99 163 146 196; x_wconf 80' lang='lat' dir='ltr'>sic</span> <span class='ocrx_word' id='word_1_6' title='bbox 173 163 269 196; x_wconf 86' lang='lat' dir='ltr'>vertit</span> <span class='ocrx_word' id='word_1_7' title='bbox 296 164 452 197; x_wconf 73' lang='lat' dir='ltr'>Rufinus:</span> <span class='ocrx_word' id='word_1_8' title='bbox 482 165 654 204; x_wconf 79' lang='lat' dir='ltr'>»Cuinam‚</span> <span class='ocrx_word' id='word_1_9' title='bbox 679 178 813 209; x_wconf 85' lang='lat' dir='ltr'>quaeso,</span> <span class='ocrx_word' id='word_1_10' title='bbox 837 177 968 197; x_wconf 87' lang='lat' dir='ltr'>sensum</span> <span class='ocrx_word' id='word_1_11' title='bbox 990 163 1125 197; x_wconf 86' lang='lat' dir='ltr'>habenti</span> <span class='ocrx_word' id='word_1_12' title='bbox 1150 177 1230 197; x_wconf 84' lang='lat' dir='ltr'>con-</span> 
     </span>
     <span class='ocr_line' id='line_1_3' title="bbox 100 224 1227 270; baseline 0.004 -16"><span class='ocrx_word' id='word_1_13' title='bbox 100 224 272 257; x_wconf 74' lang='lat' dir='ltr'>venienter</span> <span class='ocrx_word' id='word_1_14' title='bbox 296 225 463 258; x_wconf 79' lang='lat' dir='ltr'>videbitur</span> <span class='ocrx_word' id='word_1_15' title='bbox 486 226 631 267; x_wconf 79' lang='lat' dir='ltr'>dictum,</span> <span class='ocrx_word' id='word_1_16' title='bbox 656 227 748 270; x_wconf 91' lang='lat' dir='ltr'>quod</span> <span class='ocrx_word' id='word_1_17' title='bbox 773 226 844 258; x_wconf 85' lang='lat' dir='ltr'>dies</span> <span class='ocrx_word' id='word_1_18' title='bbox 869 225 989 270; x_wconf 80' lang='lat' dir='ltr'>prima,</span> <span class='ocrx_word' id='word_1_19' title='bbox 1014 235 1047 258; x_wconf 85' lang='lat' dir='ltr'>et</span> <span class='ocrx_word' id='word_1_20' title='bbox 1071 226 1227 265; x_wconf 82' lang='lat' dir='ltr'>secunda,</span> 
     </span>
     <span class='ocr_line' id='line_1_4' title="bbox 99 285 1229 331; baseline 0.001 -14"><span class='ocrx_word' id='word_1_21' title='bbox 99 294 133 317; x_wconf 82' lang='lat' dir='ltr'>et</span> <span class='ocrx_word' id='word_1_22' title='bbox 157 286 263 326; x_wconf 83' lang='lat' dir='ltr'>tertia,</span> <span class='ocrx_word' id='word_1_23' title='bbox 287 285 320 319; x_wconf 88' lang='lat' dir='ltr'>in</span> <span class='ocrx_word' id='word_1_24' title='bbox 345 285 465 331; x_wconf 83' lang='lat' dir='ltr'>quibus</span> <span class='ocrx_word' id='word_1_25' title='bbox 490 295 523 318; x_wconf 90' lang='lat' dir='ltr'>et</span> <span class='ocrx_word' id='word_1_26' title='bbox 546 299 682 331; x_wconf 85' lang='lat' dir='ltr'>vespera</span> <span class='ocrx_word' id='word_1_27' title='bbox 707 286 900 319; x_wconf 87' lang='lat' dir='ltr'>nominatur</span> <span class='ocrx_word' id='word_1_28' title='bbox 923 296 955 319; x_wconf 90' lang='lat' dir='ltr'>et</span> <span class='ocrx_word' id='word_1_29' title='bbox 971 299 1078 327; x_wconf 85' lang='lat' dir='ltr'>mane,</span> <span class='ocrx_word' id='word_1_30' title='bbox 1103 286 1229 318; x_wconf 88' lang='lat' dir='ltr'>fuerint</span> 
     </span>
     <span class='ocr_line' id='line_1_5' title="bbox 98 346 1226 392; baseline -0.001 -13"><span class='ocrx_word' id='word_1_31' title='bbox 98 346 168 379; x_wconf 85' lang='lat' dir='ltr'>sine</span> <span class='ocrx_word' id='word_1_32' title='bbox 191 347 274 386; x_wconf 79' lang='lat' dir='ltr'>sole,</span> <span class='ocrx_word' id='word_1_33' title='bbox 300 356 332 380; x_wconf 82' lang='lat' dir='ltr'>et</span> <span class='ocrx_word' id='word_1_34' title='bbox 355 347 425 380; x_wconf 86' lang='lat' dir='ltr'>sine</span> <span class='ocrx_word' id='word_1_35' title='bbox 454 348 547 387; x_wconf 81' lang='lat' dir='ltr'>luna,</span> <span class='ocrx_word' id='word_1_36' title='bbox 572 357 605 381; x_wconf 87' lang='lat' dir='ltr'>et</span> <span class='ocrx_word' id='word_1_37' title='bbox 628 349 698 381; x_wconf 90' lang='lat' dir='ltr'>sine</span> <span class='ocrx_word' id='word_1_38' title='bbox 722 348 848 390; x_wconf 86' lang='lat' dir='ltr'>stellis;</span> <span class='ocrx_word' id='word_1_39' title='bbox 880 348 988 392; x_wconf 85' lang='lat' dir='ltr'>prima</span> <span class='ocrx_word' id='word_1_40' title='bbox 1021 357 1132 380; x_wconf 85' lang='lat' dir='ltr'>autem</span> <span class='ocrx_word' id='word_1_41' title='bbox 1156 347 1226 379; x_wconf 78' lang='lat' dir='ltr'>dies</span> 
     </span>
     <span class='ocr_line' id='line_1_6' title="bbox 97 408 1227 453; baseline 0.001 -14"><span class='ocrx_word' id='word_1_42' title='bbox 97 408 168 440; x_wconf 86' lang='lat' dir='ltr'>sine</span> <span class='ocrx_word' id='word_1_43' title='bbox 194 408 315 442; x_wconf 88' lang='lat' dir='ltr'>coelo?</span> <span class='ocrx_word' id='word_1_44' title='bbox 338 408 423 452; x_wconf 84' lang='lat' dir='ltr'>Quis</span> <span class='ocrx_word' id='word_1_45' title='bbox 442 422 521 441; x_wconf 81' lang='lat' dir='ltr'>vero</span> <span class='ocrx_word' id='word_1_46' title='bbox 547 409 591 442; x_wconf 87' lang='lat' dir='ltr'>ita</span> <span class='ocrx_word' id='word_1_47' title='bbox 616 409 738 442; x_wconf 76' lang='lat' dir='ltr'>idiotes</span> <span class='ocrx_word' id='word_1_48' title='bbox 762 408 967 448; x_wconf 87' lang='lat' dir='ltr'>invenietur,</span> <span class='ocrx_word' id='word_1_49' title='bbox 992 419 1029 441; x_wconf 91' lang='lat' dir='ltr'>ut</span> <span class='ocrx_word' id='word_1_50' title='bbox 1052 418 1148 453; x_wconf 87' lang='lat' dir='ltr'>putet</span> <span class='ocrx_word' id='word_1_51' title='bbox 1172 421 1227 440; x_wconf 83' lang='lat' dir='ltr'>ve-</span> 
     </span>
     <span class='ocr_line' id='line_1_7' title="bbox 98 469 1225 515; baseline 0.001 -14"><span class='ocrx_word' id='word_1_52' title='bbox 98 469 148 501; x_wconf 91' lang='lat' dir='ltr'>lut</span> <span class='ocrx_word' id='word_1_53' title='bbox 170 469 342 502; x_wconf 83' lang='lat' dir='ltr'>hominem</span> <span class='ocrx_word' id='word_1_54' title='bbox 367 471 534 515; x_wconf 81' lang='lat' dir='ltr'>quendam</span> <span class='ocrx_word' id='word_1_55' title='bbox 557 470 737 512; x_wconf 76' lang='lat' dir='ltr'>agricolam</span> <span class='ocrx_word' id='word_1_56' title='bbox 762 470 874 503; x_wconf 86' lang='lat' dir='ltr'>Deum</span> <span class='ocrx_word' id='word_1_57' title='bbox 899 471 1065 515; x_wconf 75' lang='lat' dir='ltr'>plantasse</span> <span class='ocrx_word' id='word_1_58' title='bbox 1089 470 1225 502; x_wconf 86' lang='lat' dir='ltr'>arbores</span> 
     </span>
     <span class='ocr_line' id='line_1_8' title="bbox 97 530 1225 572; baseline 0 -10"><span class='ocrx_word' id='word_1_59' title='bbox 97 530 132 562; x_wconf 91' lang='lat' dir='ltr'>in</span> <span class='ocrx_word' id='word_1_60' title='bbox 155 531 326 572; x_wconf 74' lang='lat' dir='ltr'>paradiso,</span> <span class='ocrx_word' id='word_1_61' title='bbox 351 531 385 564; x_wconf 90' lang='lat' dir='ltr'>in</span> <span class='ocrx_word' id='word_1_62' title='bbox 409 532 505 564; x_wconf 76' lang='lat' dir='ltr'>Edon</span> <span class='ocrx_word' id='word_1_63' title='bbox 531 541 646 564; x_wconf 84' lang='lat' dir='ltr'>contra</span> <span class='ocrx_word' id='word_1_64' title='bbox 672 530 866 571; x_wconf 76' lang='lat' dir='ltr'><strong>Orientem,</strong></span> <span class='ocrx_word' id='word_1_65' title='bbox 901 540 934 563; x_wconf 82' lang='lat' dir='ltr'>et</span> <span class='ocrx_word' id='word_1_66' title='bbox 957 533 1112 564; x_wconf 78' lang='lat' dir='ltr'>arborem</span> <span class='ocrx_word' id='word_1_67' title='bbox 1138 531 1225 563; x_wconf 80' lang='lat' dir='ltr'>vitae</span> 
     </span>
     <span class='ocr_line' id='line_1_9' title="bbox 95 592 1225 638; baseline 0 -14"><span class='ocrx_word' id='word_1_68' title='bbox 95 593 260 636; x_wconf 73' lang='lat' dir='ltr'>plantasse</span> <span class='ocrx_word' id='word_1_69' title='bbox 284 592 318 624; x_wconf 92' lang='lat' dir='ltr'>in</span> <span class='ocrx_word' id='word_1_70' title='bbox 343 605 403 632; x_wconf 89' lang='lat' dir='ltr'>eo,</span> <span class='ocrx_word' id='word_1_71' title='bbox 433 592 468 625; x_wconf 84' lang='lat' dir='ltr'>id</span> <span class='ocrx_word' id='word_1_72' title='bbox 493 601 560 632; x_wconf 87' lang='lat' dir='ltr'>est,</span> <span class='ocrx_word' id='word_1_73' title='bbox 591 592 717 634; x_wconf 85' lang='lat' dir='ltr'>lignum</span> <span class='ocrx_word' id='word_1_74' title='bbox 742 592 892 632; x_wconf 81' lang='lat' dir='ltr'>visibile,</span> <span class='ocrx_word' id='word_1_75' title='bbox 918 602 951 626; x_wconf 78' lang='lat' dir='ltr'>et</span> <span class='ocrx_word' id='word_1_76' title='bbox 974 593 1155 638; x_wconf 79' lang='lat' dir='ltr'>palpabile,</span> <span class='ocrx_word' id='word_1_77' title='bbox 1178 592 1225 624; x_wconf 79' lang='lat' dir='ltr'>ita</span> 
     </span>
     <span class='ocr_line' id='line_1_10' title="bbox 95 653 1224 699; baseline -0.001 -14"><span class='ocrx_word' id='word_1_78' title='bbox 95 663 133 686; x_wconf 90' lang='lat' dir='ltr'>ut</span> <span class='ocrx_word' id='word_1_79' title='bbox 157 653 390 698; x_wconf 86' lang='lat' dir='ltr'>corporalibus</span> <span class='ocrx_word' id='word_1_80' title='bbox 421 653 578 686; x_wconf 73' lang='lat' dir='ltr'>dentibus</span> <span class='ocrx_word' id='word_1_81' title='bbox 607 654 813 686; x_wconf 84' lang='lat' dir='ltr'>manducans</span> <span class='ocrx_word' id='word_1_82' title='bbox 844 654 918 699; x_wconf 91' lang='lat' dir='ltr'>quis</span> <span class='ocrx_word' id='word_1_83' title='bbox 952 667 990 687; x_wconf 82' lang='lat' dir='ltr'>ex</span> <span class='ocrx_word' id='word_1_84' title='bbox 1021 667 1058 687; x_wconf 85' lang='lat' dir='ltr'>ea</span> <span class='ocrx_word' id='word_1_85' title='bbox 1091 654 1224 692; x_wconf 87' lang='lat' dir='ltr'>arbore,</span> 
     </span>
     <span class='ocr_line' id='line_1_11' title="bbox 97 713 1224 759; baseline -0.001 -13"><span class='ocrx_word' id='word_1_86' title='bbox 97 715 196 748; x_wconf 86' lang='lat' dir='ltr'>vitam</span> <span class='ocrx_word' id='word_1_87' title='bbox 221 715 396 759; x_wconf 83' lang='lat' dir='ltr'>percipiat,</span> <span class='ocrx_word' id='word_1_88' title='bbox 421 723 454 746; x_wconf 89' lang='lat' dir='ltr'>et</span> <span class='ocrx_word' id='word_1_89' title='bbox 477 728 589 747; x_wconf 89' lang='lat' dir='ltr'>rursus</span> <span class='ocrx_word' id='word_1_90' title='bbox 615 727 654 747; x_wconf 82' lang='lat' dir='ltr'>ex</span> <span class='ocrx_word' id='word_1_91' title='bbox 678 715 742 747; x_wconf 82' lang='lat' dir='ltr'>alia</span> <span class='ocrx_word' id='word_1_92' title='bbox 770 716 972 748; x_wconf 85' lang='lat' dir='ltr'>manducans</span> <span class='ocrx_word' id='word_1_93' title='bbox 987 716 1119 754; x_wconf 86' lang='lat' dir='ltr'>arbore,</span> <span class='ocrx_word' id='word_1_94' title='bbox 1141 713 1224 746; x_wconf 90' lang='lat' dir='ltr'>boni</span> 
     </span>
     <span class='ocr_line' id='line_1_12' title="bbox 95 775 1224 822; baseline -0.002 -13"><span class='ocrx_word' id='word_1_95' title='bbox 95 786 128 809; x_wconf 83' lang='lat' dir='ltr'>et</span> <span class='ocrx_word' id='word_1_96' title='bbox 151 776 230 809; x_wconf 86' lang='lat' dir='ltr'>mali</span> <span class='ocrx_word' id='word_1_97' title='bbox 251 775 424 809; x_wconf 85' lang='lat' dir='ltr'>scientiam</span> <span class='ocrx_word' id='word_1_98' title='bbox 448 776 577 820; x_wconf 81' lang='lat' dir='ltr'>capiat?</span> <span class='ocrx_word' id='word_1_99' title='bbox 599 777 669 810; x_wconf 80' lang='lat' dir='ltr'>Sed</span> <span class='ocrx_word' id='word_1_100' title='bbox 699 786 734 810; x_wconf 81' lang='lat' dir='ltr'>et</span> <span class='ocrx_word' id='word_1_101' title='bbox 759 777 865 818; x_wconf 88' lang='lat' dir='ltr'>illud,</span> <span class='ocrx_word' id='word_1_102' title='bbox 897 777 989 822; x_wconf 87' lang='lat' dir='ltr'>quod</span> <span class='ocrx_word' id='word_1_103' title='bbox 1021 778 1116 810; x_wconf 78' lang='lat' dir='ltr'>Deus</span> <span class='ocrx_word' id='word_1_104' title='bbox 1145 785 1224 820; x_wconf 87' lang='lat' dir='ltr'>post</span> 
     </span>
     <span class='ocr_line' id='line_1_13' title="bbox 92 837 1223 879; baseline -0.002 -9"><span class='ocrx_word' id='word_1_105' title='bbox 92 838 269 870; x_wconf 85' lang='lat' dir='ltr'>meridiem</span> <span class='ocrx_word' id='word_1_106' title='bbox 293 837 510 871; x_wconf 83' lang='lat' dir='ltr'>deambulare</span> <span class='ocrx_word' id='word_1_107' title='bbox 534 837 658 870; x_wconf 89' lang='lat' dir='ltr'>dicitur</span> <span class='ocrx_word' id='word_1_108' title='bbox 680 837 714 870; x_wconf 87' lang='lat' dir='ltr'>in</span> <span class='ocrx_word' id='word_1_109' title='bbox 743 838 915 879; x_wconf 83' lang='lat' dir='ltr'>Paradiso,</span> <span class='ocrx_word' id='word_1_110' title='bbox 940 847 973 871; x_wconf 91' lang='lat' dir='ltr'>et</span> <span class='ocrx_word' id='word_1_111' title='bbox 997 839 1103 871; x_wconf 86' lang='lat' dir='ltr'>Adam</span> <span class='ocrx_word' id='word_1_112' title='bbox 1121 837 1223 870; x_wconf 85' lang='lat' dir='ltr'>latere</span> 
     </span>
     <span class='ocr_line' id='line_1_14' title="bbox 92 898 1223 944; baseline -0.002 -12"><span class='ocrx_word' id='word_1_113' title='bbox 92 900 154 932; x_wconf 87' lang='lat' dir='ltr'>sub</span> <span class='ocrx_word' id='word_1_114' title='bbox 177 899 309 939; x_wconf 78' lang='lat' dir='ltr'>arbore,</span> <span class='ocrx_word' id='word_1_115' title='bbox 334 898 493 943; x_wconf 88' lang='lat' dir='ltr'>equidem</span> <span class='ocrx_word' id='word_1_116' title='bbox 517 899 650 932; x_wconf 90' lang='lat' dir='ltr'>nullum</span> <span class='ocrx_word' id='word_1_117' title='bbox 674 899 821 932; x_wconf 84' lang='lat' dir='ltr'>arbitror</span> <span class='ocrx_word' id='word_1_118' title='bbox 845 900 1011 940; x_wconf 84' lang='lat' dir='ltr'>dubitare,</span> <span class='ocrx_word' id='word_1_119' title='bbox 1036 899 1127 944; x_wconf 86' lang='lat' dir='ltr'>quod</span> <span class='ocrx_word' id='word_1_120' title='bbox 1141 898 1223 940; x_wconf 81' lang='lat' dir='ltr'>figu—</span> 
     </span>
     <span class='ocr_line' id='line_1_15' title="bbox 93 960 1223 1006; baseline -0.001 -13"><span class='ocrx_word' id='word_1_121' title='bbox 93 960 154 993; x_wconf 86' lang='lat' dir='ltr'>rali</span> <span class='ocrx_word' id='word_1_122' title='bbox 183 970 286 1005; x_wconf 90' lang='lat' dir='ltr'>tropo</span> <span class='ocrx_word' id='word_1_123' title='bbox 318 960 400 993; x_wconf 88' lang='lat' dir='ltr'>haec</span> <span class='ocrx_word' id='word_1_124' title='bbox 431 973 448 993; x_wconf 90' lang='lat' dir='ltr'>a</span> <span class='ocrx_word' id='word_1_125' title='bbox 479 960 653 1005; x_wconf 80' lang='lat' dir='ltr'>Scriptura</span> <span class='ocrx_word' id='word_1_126' title='bbox 683 962 917 1005; x_wconf 79' lang='lat' dir='ltr'>proferantur,</span> <span class='ocrx_word' id='word_1_127' title='bbox 950 974 1018 1006; x_wconf 93' lang='lat' dir='ltr'>quo</span> <span class='ocrx_word' id='word_1_128' title='bbox 1050 974 1112 1005; x_wconf 86' lang='lat' dir='ltr'>per</span> <span class='ocrx_word' id='word_1_129' title='bbox 1141 961 1223 993; x_wconf 87' lang='lat' dir='ltr'>haee</span> 
     </span>
     <span class='ocr_line' id='line_1_16' title="bbox 91 1021 1222 1068; baseline -0.001 -14"><span class='ocrx_word' id='word_1_130' title='bbox 91 1023 254 1067; x_wconf 85' lang='lat' dir='ltr'>quaedam</span> <span class='ocrx_word' id='word_1_131' title='bbox 285 1021 424 1068; x_wconf 80' lang='lat' dir='ltr'>mystica</span> <span class='ocrx_word' id='word_1_132' title='bbox 454 1022 674 1055; x_wconf 83' lang='lat' dir='ltr'>indicentur«</span> <span class='ocrx_word' id='word_1_133' title='bbox 730 1023 817 1055; x_wconf 88' lang='lat' dir='ltr'>Vide</span> <span class='ocrx_word' id='word_1_134' title='bbox 855 1022 936 1055; x_wconf 79' lang='lat' dir='ltr'>item</span> <span class='ocrx_word' id='word_1_135' title='bbox 975 1023 1104 1056; x_wconf 87' lang='lat' dir='ltr'>Homil.</span> <span class='ocrx_word' id='word_1_136' title='bbox 1130 1022 1156 1054; x_wconf 90' lang='lat' dir='ltr'>l.</span> <span class='ocrx_word' id='word_1_137' title='bbox 1188 1021 1222 1054; x_wconf 84' lang='lat' dir='ltr'>in</span> 
     </span>
     <span class='ocr_line' id='line_1_17' title="bbox 93 1083 1065 1123; baseline 0 -6"><span class='ocrx_word' id='word_1_138' title='bbox 93 1084 217 1117; x_wconf 83' lang='lat' dir='ltr'>Genes.</span> <span class='ocrx_word' id='word_1_139' title='bbox 240 1096 332 1116; x_wconf 91' lang='lat' dir='ltr'>num.</span> <span class='ocrx_word' id='word_1_140' title='bbox 359 1083 401 1123; x_wconf 87' lang='lat'>1.‚</span> <span class='ocrx_word' id='word_1_141' title='bbox 426 1093 459 1116; x_wconf 91' lang='lat' dir='ltr'>et</span> <span class='ocrx_word' id='word_1_142' title='bbox 483 1084 543 1116; x_wconf 83' lang='lat' dir='ltr'>lib.</span> <span class='ocrx_word' id='word_1_143' title='bbox 568 1085 625 1116; x_wconf 92' lang='lat' dir='ltr'>lV.</span> <span class='ocrx_word' id='word_1_144' title='bbox 651 1093 756 1116; x_wconf 87' lang='lat' dir='ltr'>contr.</span> <span class='ocrx_word' id='word_1_145' title='bbox 783 1084 871 1117; x_wconf 91' lang='lat' dir='ltr'>Cels.</span> <span class='ocrx_word' id='word_1_146' title='bbox 896 1098 987 1118; x_wconf 88' lang='lat' dir='ltr'>num.</span> <span class='ocrx_word' id='word_1_147' title='bbox 1012 1083 1065 1118; x_wconf 77' lang='grc'>39.</span> 
     </span>
    </p>

    <p class='ocr_par' dir='ltr' id='par_1_3' title="bbox 89 1144 1223 2235">
     <span class='ocr_line' id='line_1_18' title="bbox 183 1144 1223 1187; baseline -0.002 -10"><span class='ocrx_word' id='word_1_148' title='bbox 183 1146 221 1177; x_wconf 85' lang='grc'>111</span> <span class='ocrx_word' id='word_1_149' title='bbox 246 1157 319 1177; x_wconf 86' lang='lat' dir='ltr'>eam</span> <span class='ocrx_word' id='word_1_150' title='bbox 342 1144 542 1177; x_wconf 84' lang='lat' dir='ltr'>sententiam</span> <span class='ocrx_word' id='word_1_151' title='bbox 565 1145 664 1177; x_wconf 80' lang='lat' dir='ltr'>traxit</span> <span class='ocrx_word' id='word_1_152' title='bbox 695 1145 877 1187; x_wconf 87' lang='lat' dir='ltr'>Origenem</span> <span class='ocrx_word' id='word_1_153' title='bbox 903 1145 1002 1179; x_wconf 83' lang='lat' dir='ltr'>Philo</span> <span class='ocrx_word' id='word_1_154' title='bbox 1033 1145 1074 1176; x_wconf 86' lang='lat' dir='ltr'>ad</span> <span class='ocrx_word' id='word_1_155' title='bbox 1098 1144 1223 1185; x_wconf 83' lang='lat' dir='ltr'>allego-</span> 
     </span>
     <span class='ocr_line' id='line_1_19' title="bbox 91 1204 1221 1250; baseline -0.003 -10"><span class='ocrx_word' id='word_1_156' title='bbox 91 1207 175 1240; x_wconf 84' lang='lat' dir='ltr'>riam</span> <span class='ocrx_word' id='word_1_157' title='bbox 206 1206 287 1238; x_wconf 83' lang='lat' dir='ltr'>haec</span> <span class='ocrx_word' id='word_1_158' title='bbox 321 1204 394 1249; x_wconf 79' lang='lat' dir='ltr'>ipsa</span> <span class='ocrx_word' id='word_1_159' title='bbox 423 1204 542 1238; x_wconf 84' lang='lat' dir='ltr'>itidem</span> <span class='ocrx_word' id='word_1_160' title='bbox 572 1206 708 1241; x_wconf 80' lang='lat' dir='ltr'>flectens</span> <span class='ocrx_word' id='word_1_161' title='bbox 742 1206 774 1238; x_wconf 91' lang='lat' dir='ltr'>in</span> <span class='ocrx_word' id='word_1_162' title='bbox 806 1207 871 1239; x_wconf 82' lang='lat' dir='ltr'>fine</span> <span class='ocrx_word' id='word_1_163' title='bbox 901 1205 980 1238; x_wconf 83' lang='lat' dir='ltr'>libri</span> <span class='ocrx_word' id='word_1_164' title='bbox 1004 1206 1046 1238; x_wconf 88' lang='lat' dir='ltr'>de</span> <span class='ocrx_word' id='word_1_165' title='bbox 1071 1205 1221 1250; x_wconf 81' lang='lat' dir='ltr'>Opificio</span> 
     </span>
     <span class='ocr_line' id='line_1_20' title="bbox 91 1267 1221 1311; baseline -0.004 -9"><span class='ocrx_word' id='word_1_166' title='bbox 91 1283 145 1302; x_wconf 85' lang='lat' dir='ltr'>sex</span> <span class='ocrx_word' id='word_1_167' title='bbox 170 1268 312 1309; x_wconf 90' lang='lat' dir='ltr'>dierum,</span> <span class='ocrx_word' id='word_1_168' title='bbox 338 1276 371 1300; x_wconf 90' lang='lat' dir='ltr'>et</span> <span class='ocrx_word' id='word_1_169' title='bbox 394 1267 428 1299; x_wconf 85' lang='lat' dir='ltr'>in</span> <span class='ocrx_word' id='word_1_170' title='bbox 455 1267 484 1301; x_wconf 91' lang='lat'>1.</span> <span class='ocrx_word' id='word_1_171' title='bbox 508 1267 584 1300; x_wconf 88' lang='lat' dir='ltr'>libr.</span> <span class='ocrx_word' id='word_1_172' title='bbox 609 1268 748 1310; x_wconf 78' lang='lat' dir='ltr'>allegor.</span> <span class='ocrx_word' id='word_1_173' title='bbox 778 1267 870 1310; x_wconf 86' lang='lat' dir='ltr'>legis.</span> <span class='ocrx_word' id='word_1_174' title='bbox 895 1267 1011 1300; x_wconf 78' lang='lat' dir='ltr'>Traxit</span> <span class='ocrx_word' id='word_1_175' title='bbox 1035 1276 1067 1299; x_wconf 90' lang='lat' dir='ltr'>et</span> <span class='ocrx_word' id='word_1_176' title='bbox 1090 1267 1221 1311; x_wconf 84' lang='lat' dir='ltr'>Papias,</span> 
     </span>
     <span class='ocr_line' id='line_1_21' title="bbox 91 1328 1220 1372; baseline -0.003 -9"><span class='ocrx_word' id='word_1_177' title='bbox 91 1340 125 1363; x_wconf 86' lang='lat' dir='ltr'>et</span> <span class='ocrx_word' id='word_1_178' title='bbox 149 1331 314 1370; x_wconf 78' lang='lat' dir='ltr'>1renaeus,</span> <span class='ocrx_word' id='word_1_179' title='bbox 340 1338 374 1361; x_wconf 75' lang='lat' dir='ltr'>et</span> <span class='ocrx_word' id='word_1_180' title='bbox 398 1328 596 1368; x_wconf 86' lang='lat' dir='ltr'>Pantaenus,</span> <span class='ocrx_word' id='word_1_181' title='bbox 621 1338 653 1361; x_wconf 89' lang='lat' dir='ltr'>et</span> <span class='ocrx_word' id='word_1_182' title='bbox 679 1329 836 1362; x_wconf 86' lang='lat' dir='ltr'>Clemens</span> <span class='ocrx_word' id='word_1_183' title='bbox 858 1328 1112 1368; x_wconf 73' lang='lat' dir='ltr'>Alexandrinus,</span> <span class='ocrx_word' id='word_1_184' title='bbox 1135 1341 1220 1372; x_wconf 87' lang='lat' dir='ltr'>quos</span> 
     </span>
     <span class='ocr_line' id='line_1_22' title="bbox 91 1389 1220 1436; baseline -0.003 -12"><span class='ocrx_word' id='word_1_185' title='bbox 91 1390 242 1424; x_wconf 88' lang='lat' dir='ltr'>Paradisi</span> <span class='ocrx_word' id='word_1_186' title='bbox 266 1389 528 1436; x_wconf 88' lang='lat' dir='ltr'>descriptionem</span> <span class='ocrx_word' id='word_1_187' title='bbox 559 1390 601 1422; x_wconf 90' lang='lat' dir='ltr'>ad</span> <span class='ocrx_word' id='word_1_188' title='bbox 633 1390 806 1436; x_wconf 67' lang='lat' dir='ltr'>mysticam</span> <span class='ocrx_word' id='word_1_189' title='bbox 838 1390 1086 1435; x_wconf 83' lang='lat' dir='ltr'>expositionem</span> <span class='ocrx_word' id='word_1_190' title='bbox 1117 1390 1220 1421; x_wconf 85' lang='lat' dir='ltr'>defle-</span> 
     </span>
     <span class='ocr_line' id='line_1_23' title="bbox 90 1451 1219 1493; baseline -0.003 -7"><span class='ocrx_word' id='word_1_191' title='bbox 90 1454 174 1486; x_wconf 72' lang='lat' dir='ltr'>xisse</span> <span class='ocrx_word' id='word_1_192' title='bbox 203 1461 313 1485; x_wconf 83' lang='lat' dir='ltr'>narrat</span> <span class='ocrx_word' id='word_1_193' title='bbox 346 1451 534 1485; x_wconf 84' lang='lat' dir='ltr'>Anastasius</span> <span class='ocrx_word' id='word_1_194' title='bbox 567 1451 694 1484; x_wconf 83' lang='lat' dir='ltr'>Sinaita</span> <span class='ocrx_word' id='word_1_195' title='bbox 733 1451 808 1484; x_wconf 87' lang='lat' dir='ltr'>libr.</span> <span class='ocrx_word' id='word_1_196' title='bbox 834 1452 911 1485; x_wconf 84' lang='lat' dir='ltr'><strong>VII.</strong></span> <span class='ocrx_word' id='word_1_197' title='bbox 942 1453 1091 1493; x_wconf 83' lang='lat' dir='ltr'>Anagog.</span> <span class='ocrx_word' id='word_1_198' title='bbox 1127 1451 1219 1485; x_wconf 87' lang='lat' dir='ltr'>Con·</span> 
     </span>
     <span class='ocr_line' id='line_1_24' title="bbox 89 1512 1220 1559; baseline -0.003 -12"><span class='ocrx_word' id='word_1_199' title='bbox 89 1515 258 1559; x_wconf 85' lang='lat' dir='ltr'>templat.‚</span> <span class='ocrx_word' id='word_1_200' title='bbox 294 1525 480 1557; x_wconf 89' lang='lat' dir='ltr'>eorumque</span> <span class='ocrx_word' id='word_1_201' title='bbox 521 1512 644 1545; x_wconf 81' lang='lat' dir='ltr'>deinde</span> <span class='ocrx_word' id='word_1_202' title='bbox 676 1513 832 1558; x_wconf 83' lang='lat' dir='ltr'>exemplo</span> <span class='ocrx_word' id='word_1_203' title='bbox 864 1513 1067 1555; x_wconf 84' lang='lat' dir='ltr'>Gregorium</span> <span class='ocrx_word' id='word_1_204' title='bbox 1090 1521 1220 1545; x_wconf 88' lang='lat' dir='ltr'>utrum-</span> 
     </span>
     <span class='ocr_line' id='line_1_25' title="bbox 91 1573 1220 1621; baseline -0.003 -12"><span class='ocrx_word' id='word_1_205' title='bbox 91 1589 166 1621; x_wconf 89' lang='lat' dir='ltr'>que.</span> <span class='ocrx_word' id='word_1_206' title='bbox 214 1574 397 1616; x_wconf 81' lang='lat' dir='ltr'>Origenem</span> <span class='ocrx_word' id='word_1_207' title='bbox 428 1587 509 1606; x_wconf 85' lang='lat' dir='ltr'>vero</span> <span class='ocrx_word' id='word_1_208' title='bbox 542 1583 675 1607; x_wconf 87' lang='lat' dir='ltr'>secutus</span> <span class='ocrx_word' id='word_1_209' title='bbox 706 1584 755 1607; x_wconf 83' lang='lat' dir='ltr'>est</span> <span class='ocrx_word' id='word_1_210' title='bbox 780 1574 996 1614; x_wconf 82' lang='lat' dir='ltr'>Ambrosius,</span> <span class='ocrx_word' id='word_1_211' title='bbox 1025 1583 1059 1607; x_wconf 82' lang='lat' dir='ltr'>et</span> <span class='ocrx_word' id='word_1_212' title='bbox 1084 1573 1220 1608; x_wconf 88' lang='lat' dir='ltr'>Paradi-</span> 
     </span>
     <span class='ocr_line' id='line_1_26' title="bbox 89 1635 1220 1676; baseline -0.001 -7"><span class='ocrx_word' id='word_1_213' title='bbox 89 1651 162 1670; x_wconf 88' lang='lat' dir='ltr'>sum</span> <span class='ocrx_word' id='word_1_214' title='bbox 187 1645 378 1669; x_wconf 81' lang='lat' dir='ltr'>terrestrem</span> <span class='ocrx_word' id='word_1_215' title='bbox 402 1635 436 1668; x_wconf 90' lang='lat' dir='ltr'>in</span> <span class='ocrx_word' id='word_1_216' title='bbox 462 1635 559 1668; x_wconf 85' lang='lat' dir='ltr'>coelo</span> <span class='ocrx_word' id='word_1_217' title='bbox 584 1635 684 1668; x_wconf 89' lang='lat' dir='ltr'>tertio</span> <span class='ocrx_word' id='word_1_218' title='bbox 711 1635 910 1676; x_wconf 84' lang='lat' dir='ltr'>collocavit,</span> <span class='ocrx_word' id='word_1_219' title='bbox 942 1636 1064 1668; x_wconf 88' lang='lat' dir='ltr'>eodem</span> <span class='ocrx_word' id='word_1_220' title='bbox 1089 1635 1220 1668; x_wconf 82' lang='lat' dir='ltr'>innixus</span> 
     </span>
     <span class='ocr_line' id='line_1_27' title="bbox 89 1696 1220 1741; baseline -0.003 -10"><span class='ocrx_word' id='word_1_221' title='bbox 89 1698 186 1731; x_wconf 81' lang='lat' dir='ltr'>Pauli</span> <span class='ocrx_word' id='word_1_222' title='bbox 211 1698 310 1736; x_wconf 83' lang='lat' dir='ltr'>loco,</span> <span class='ocrx_word' id='word_1_223' title='bbox 341 1709 379 1728; x_wconf 81' lang='lat' dir='ltr'>ex</span> <span class='ocrx_word' id='word_1_224' title='bbox 403 1709 470 1741; x_wconf 91' lang='lat' dir='ltr'>quo</span> <span class='ocrx_word' id='word_1_225' title='bbox 503 1696 659 1740; x_wconf 86' lang='lat' dir='ltr'>opinioni</span> <span class='ocrx_word' id='word_1_226' title='bbox 687 1709 765 1730; x_wconf 89' lang='lat' dir='ltr'>suae</span> <span class='ocrx_word' id='word_1_227' title='bbox 794 1698 900 1729; x_wconf 90' lang='lat' dir='ltr'>robur</span> <span class='ocrx_word' id='word_1_228' title='bbox 923 1697 1076 1730; x_wconf 88' lang='lat' dir='ltr'>additum</span> <span class='ocrx_word' id='word_1_229' title='bbox 1101 1697 1220 1738; x_wconf 54' lang='lat' dir='ltr'>Origess</span> 
     </span>
     <span class='ocr_line' id='line_1_28' title="bbox 90 1757 1218 1802; baseline -0.002 -10"><span class='ocrx_word' id='word_1_230' title='bbox 90 1773 147 1792; x_wconf 85' lang='lat' dir='ltr'>nes</span> <span class='ocrx_word' id='word_1_231' title='bbox 173 1757 383 1791; x_wconf 85' lang='lat' dir='ltr'>existimavit.</span> <span class='ocrx_word' id='word_1_232' title='bbox 430 1758 522 1790; x_wconf 88' lang='lat' dir='ltr'>Haec</span> <span class='ocrx_word' id='word_1_233' title='bbox 547 1757 606 1790; x_wconf 86' lang='lat' dir='ltr'>ille</span> <span class='ocrx_word' id='word_1_234' title='bbox 632 1757 769 1802; x_wconf 90' lang='lat' dir='ltr'>quidem</span> <span class='ocrx_word' id='word_1_235' title='bbox 797 1757 830 1790; x_wconf 89' lang='lat' dir='ltr'>in</span> <span class='ocrx_word' id='word_1_236' title='bbox 866 1758 953 1790; x_wconf 90' lang='lat' dir='ltr'>libro</span> <span class='ocrx_word' id='word_1_237' title='bbox 980 1759 1021 1790; x_wconf 83' lang='lat' dir='ltr'>de</span> <span class='ocrx_word' id='word_1_238' title='bbox 1045 1758 1218 1800; x_wconf 87' lang='lat' dir='ltr'>Paradiso,</span> 
     </span>
     <span class='ocr_line' id='line_1_29' title="bbox 91 1818 1218 1865; baseline 0.003 -15"><span class='ocrx_word' id='word_1_239' title='bbox 91 1834 165 1865; x_wconf 81' lang='lat' dir='ltr'>cap.</span> <span class='ocrx_word' id='word_1_240' title='bbox 188 1819 233 1859; x_wconf 87' lang='lat'>3„</span> <span class='ocrx_word' id='word_1_241' title='bbox 258 1818 409 1863; x_wconf 87' lang='lat' dir='ltr'>quamvis</span> <span class='ocrx_word' id='word_1_242' title='bbox 433 1818 513 1851; x_wconf 86' lang='lat' dir='ltr'>alibi</span> <span class='ocrx_word' id='word_1_243' title='bbox 538 1818 570 1851; x_wconf 88' lang='lat' dir='ltr'>in</span> <span class='ocrx_word' id='word_1_244' title='bbox 597 1819 707 1853; x_wconf 88' lang='lat' dir='ltr'>lCor.</span> <span class='ocrx_word' id='word_1_245' title='bbox 723 1820 780 1852; x_wconf 82' lang='lat' dir='ltr'>Vl.</span> <span class='ocrx_word' id='word_1_246' title='bbox 806 1819 1001 1852; x_wconf 85' lang='lat' dir='ltr'>Paradisum</span> <span class='ocrx_word' id='word_1_247' title='bbox 1026 1828 1218 1854; x_wconf 83' lang='lat' dir='ltr'>terrestrem</span> 
     </span>
     <span class='ocr_line' id='line_1_30' title="bbox 90 1880 1217 1925; baseline 0 -11"><span class='ocrx_word' id='word_1_248' title='bbox 90 1883 130 1914; x_wconf 89' lang='lat' dir='ltr'>ab</span> <span class='ocrx_word' id='word_1_249' title='bbox 156 1894 197 1914; x_wconf 90' lang='lat' dir='ltr'>eo</span> <span class='ocrx_word' id='word_1_250' title='bbox 223 1880 418 1922; x_wconf 77' lang='lat' dir='ltr'>distinguat,</span> <span class='ocrx_word' id='word_1_251' title='bbox 449 1880 483 1913; x_wconf 88' lang='lat' dir='ltr'>in</span> <span class='ocrx_word' id='word_1_252' title='bbox 519 1894 619 1925; x_wconf 84' lang='lat' dir='ltr'>quem</span> <span class='ocrx_word' id='word_1_253' title='bbox 651 1880 800 1913; x_wconf 88' lang='lat' dir='ltr'>sublatus</span> <span class='ocrx_word' id='word_1_254' title='bbox 832 1880 896 1914; x_wconf 85' lang='lat' dir='ltr'>suit</span> <span class='ocrx_word' id='word_1_255' title='bbox 926 1881 1062 1914; x_wconf 70' lang='lat' dir='ltr'>Paulus.</span> <span class='ocrx_word' id='word_1_256' title='bbox 1116 1883 1160 1914; x_wconf 87' lang='lat' dir='ltr'>At</span> <span class='ocrx_word' id='word_1_257' title='bbox 1183 1881 1217 1914; x_wconf 91' lang='lat' dir='ltr'>in</span> 
     </span>
     <span class='ocr_line' id='line_1_31' title="bbox 91 1941 1217 1988; baseline 0 -13"><span class='ocrx_word' id='word_1_258' title='bbox 91 1943 187 1988; x_wconf 86' lang='lat' dir='ltr'>epist.</span> <span class='ocrx_word' id='word_1_259' title='bbox 218 1943 260 1975; x_wconf 86' lang='lat' dir='ltr'>ad</span> <span class='ocrx_word' id='word_1_260' title='bbox 291 1941 453 1975; x_wconf 80' lang='lat' dir='ltr'>Sabinum</span> <span class='ocrx_word' id='word_1_261' title='bbox 487 1942 599 1974; x_wconf 85' lang='lat' dir='ltr'>omnia</span> <span class='ocrx_word' id='word_1_262' title='bbox 630 1943 711 1974; x_wconf 87' lang='lat' dir='ltr'>haec</span> <span class='ocrx_word' id='word_1_263' title='bbox 741 1942 783 1974; x_wconf 89' lang='lat' dir='ltr'>ad</span> <span class='ocrx_word' id='word_1_264' title='bbox 813 1943 1009 1984; x_wconf 83' lang='lat' dir='ltr'>allegoriam</span> <span class='ocrx_word' id='word_1_265' title='bbox 1041 1943 1217 1976; x_wconf 88' lang='lat' dir='ltr'>convertit.</span> 
     </span>
     <span class='ocr_line' id='line_1_32' title="bbox 91 2002 1217 2049; baseline 0 -12"><span class='ocrx_word' id='word_1_266' title='bbox 91 2004 316 2049; x_wconf 70' lang='lat' dir='ltr'>Hieronymus</span> <span class='ocrx_word' id='word_1_267' title='bbox 339 2012 449 2036; x_wconf 87' lang='lat' dir='ltr'>autem</span> <span class='ocrx_word' id='word_1_268' title='bbox 475 2013 550 2035; x_wconf 85' lang='lat' dir='ltr'>ante</span> <span class='ocrx_word' id='word_1_269' title='bbox 573 2003 690 2035; x_wconf 87' lang='lat' dir='ltr'>mundi</span> <span class='ocrx_word' id='word_1_270' title='bbox 724 2002 821 2048; x_wconf 81' lang='lat' dir='ltr'>hujus</span> <span class='ocrx_word' id='word_1_271' title='bbox 851 2004 1013 2037; x_wconf 82' lang='lat' dir='ltr'>fabricam</span> <span class='ocrx_word' id='word_1_272' title='bbox 1044 2004 1217 2037; x_wconf 87' lang='lat' dir='ltr'>conditum</span> 
     </span>
     <span class='ocr_line' id='line_1_33' title="bbox 91 2064 1218 2100; baseline 0.002 -2"><span class='ocrx_word' id='word_1_273' title='bbox 91 2065 285 2099; x_wconf 86' lang='lat' dir='ltr'>Paradisum</span> <span class='ocrx_word' id='word_1_274' title='bbox 311 2064 455 2096; x_wconf 80' lang='lat' dir='ltr'>affirmat</span> <span class='ocrx_word' id='word_1_275' title='bbox 485 2064 519 2097; x_wconf 86' lang='lat' dir='ltr'>in</span> <span class='ocrx_word' id='word_1_276' title='bbox 543 2065 797 2098; x_wconf 87' lang='lat' dir='ltr'>Traditionibus</span> <span class='ocrx_word' id='word_1_277' title='bbox 827 2065 1002 2098; x_wconf 84' lang='lat' dir='ltr'>Hebraicis</span> <span class='ocrx_word' id='word_1_278' title='bbox 1032 2067 1065 2098; x_wconf 91' lang='lat' dir='ltr'>in</span> <span class='ocrx_word' id='word_1_279' title='bbox 1098 2066 1218 2100; x_wconf 66' lang='lat' dir='ltr'>Genos.</span> 
     </span>
     <span class='ocr_line' id='line_1_34' title="bbox 93 2125 1218 2171; baseline 0.004 -13"><span class='ocrx_word' id='word_1_280' title='bbox 93 2127 196 2171; x_wconf 83' lang='lat' dir='ltr'>Quod</span> <span class='ocrx_word' id='word_1_281' title='bbox 223 2126 249 2158; x_wconf 85' lang='lat' dir='ltr'>si</span> <span class='ocrx_word' id='word_1_282' title='bbox 276 2125 450 2158; x_wconf 88' lang='lat' dir='ltr'>conditum</span> <span class='ocrx_word' id='word_1_283' title='bbox 474 2126 562 2158; x_wconf 90' lang='lat' dir='ltr'>hunc</span> <span class='ocrx_word' id='word_1_284' title='bbox 587 2136 661 2159; x_wconf 87' lang='lat' dir='ltr'>ante</span> <span class='ocrx_word' id='word_1_285' title='bbox 686 2128 847 2159; x_wconf 86' lang='lat' dir='ltr'>mundum</span> <span class='ocrx_word' id='word_1_286' title='bbox 880 2127 1034 2171; x_wconf 85' lang='lat' dir='ltr'>opinatus</span> <span class='ocrx_word' id='word_1_287' title='bbox 1059 2137 1124 2168; x_wconf 87' lang='lat' dir='ltr'>est,</span> <span class='ocrx_word' id='word_1_288' title='bbox 1155 2128 1218 2162; x_wconf 91' lang='lat' dir='ltr'>uti-</span> 
     </span>
     <span class='ocr_line' id='line_1_35' title="bbox 92 2187 1219 2235; baseline 0.004 -16"><span class='ocrx_word' id='word_1_289' title='bbox 92 2202 156 2232; x_wconf 82' lang='lat' dir='ltr'>que</span> <span class='ocrx_word' id='word_1_290' title='bbox 196 2197 283 2220; x_wconf 76' lang='lat' dir='ltr'>extra</span> <span class='ocrx_word' id='word_1_291' title='bbox 323 2187 486 2219; x_wconf 86' lang='lat' dir='ltr'>mundum</span> <span class='ocrx_word' id='word_1_292' title='bbox 521 2187 620 2220; x_wconf 78' lang='lat' dir='ltr'>fuisse</span> <span class='ocrx_word' id='word_1_293' title='bbox 659 2188 795 2221; x_wconf 86' lang='lat' dir='ltr'>censuit.</span> <span class='ocrx_word' id='word_1_294' title='bbox 857 2189 972 2222; x_wconf 85' lang='lat' dir='ltr'>Moses</span> <span class='ocrx_word' id='word_1_295' title='bbox 1007 2190 1067 2222; x_wconf 88' lang='lat' dir='ltr'>bar</span> <span class='ocrx_word' id='word_1_296' title='bbox 1105 2190 1219 2235; x_wconf 83' lang='lat' dir='ltr'>Cepha</span> 
     </span>
    </p>
   </div>
   <div class='ocr_carea' id='block_1_3' title="bbox 71 2248 1219 2299">
    <p class='ocr_par' dir='ltr' id='par_1_4' title="bbox 71 2248 1219 2299">
     <span class='ocr_line' id='line_1_36' title="bbox 71 2248 1219 2299; baseline 0.001 -17"><span class='ocrx_word' id='word_1_297' title='bbox 71 2296 74 2299; x_wconf 67' lang='lat'><em>,</em></span> <span class='ocrx_word' id='word_1_298' title='bbox 95 2251 170 2282; x_wconf 88' lang='lat' dir='ltr'>libr.</span> <span class='ocrx_word' id='word_1_299' title='bbox 198 2250 221 2282; x_wconf 88' lang='grc' dir='ltr'>Ι,</span> <span class='ocrx_word' id='word_1_300' title='bbox 248 2250 288 2282; x_wconf 82' lang='lat' dir='ltr'>de</span> <span class='ocrx_word' id='word_1_301' title='bbox 311 2248 471 2281; x_wconf 75' lang='lat' dir='ltr'>Paradiso</span> <span class='ocrx_word' id='word_1_302' title='bbox 498 2261 566 2293; x_wconf 85' lang='lat' dir='ltr'>cap.</span> <span class='ocrx_word' id='word_1_303' title='bbox 592 2248 634 2288; x_wconf 78' lang='grc'>8,</span> <span class='ocrx_word' id='word_1_304' title='bbox 658 2250 806 2284; x_wconf 76' lang='lat' dir='ltr'>medium</span> <span class='ocrx_word' id='word_1_305' title='bbox 824 2251 933 2294; x_wconf 86' lang='lat' dir='ltr'>ipsum</span> <span class='ocrx_word' id='word_1_306' title='bbox 951 2260 1053 2285; x_wconf 77' lang='lat' dir='ltr'>terras</span> <span class='ocrx_word' id='word_1_307' title='bbox 1077 2252 1164 2286; x_wconf 84' lang='lat' dir='ltr'>inter</span> <span class='ocrx_word' id='word_1_308' title='bbox 1188 2261 1219 2284; x_wconf 82' lang='lat' dir='ltr'>et</span> 
     </span>
    </p>
   </div>
  </div>
 </body>
</html>
