1403 2492
153 75 220 110 288
495 75 606 109 Ρετιιι
632 75 803 109 Dmmus
828 75 961 110 Huss'rn

154 176 241 199 sunt.
290 166 327 198 ld
353 165 379 198 si
404 166 457 205 sit,
482 166 580 210 plane
607 164 798 211 ὁμογενεῖς
822 166 948 198 fuerint
964 165 1217 199 Eucharisticus
1241 179 1301 212 pa·

153 229 204 261 nis
230 238 261 261 et
287 228 394 260 ossula
418 227 527 261 Judae
563 238 738 272 porrecta,
774 237 807 260 ct
841 228 955 272 quoad
988 227 1226 269 efficientiam,
1266 239 1299 262 et

156 292 270 336 quoad
296 300 461 322 naturam.

246 356 368 388 Parem
393 352 646 397 propemodum
672 351 905 384 adhibebimus
931 351 1193 396 explicationem
1219 353 1298 384 loro

157 415 256 448 alteri
282 428 320 447 ex
345 414 474 447 Homil.
499 414 576 446 Vll.
610 413 643 446 in
676 414 782 446 Lavit.
817 427 908 446 num.
936 413 985 453 1.,
1026 427 1095 458 quo
1127 415 1235 456 agitur
1259 415 1301 448 de

154 487 340 523 praecepto
375 475 523 516 Aamni,
563 485 595 509 et
626 475 857 508 sacerdotibus
890 475 1106 516 tradito„ne
1130 476 1173 508 ad
1197 477 1301 510 altare

155 538 322 572 accessuri
348 538 462 570 viuum
493 537 658 570 biberent.
709 537 883 580 Quoniam
916 546 1029 569 autem
1063 537 1115 570 lex
1150 547 1199 570 est
1227 551 1301 570 um-

156 603 214 635 bra
232 602 261 646 Ι)
288 602 479 634 futurorum
506 601 687 640 bonorum,
714 599 793 644 quid
819 599 881 632 hac
906 599 979 641 lege
996 598 1202 640 significetur
1224 613 1301 644 per-

157 674 306 698 scrutans
333 662 508 704 Origenes,
534 661 704 695 Christum
730 661 817 694 huuc
843 674 912 694 csse
930 660 1133 694 Pontificem
1159 661 1299 702 censuit,

155 727 348 760 sacerdotes
375 725 577 769 Apostolos3
602 733 635 756 et
656 723 827 757 Christum
852 723 990 768 quidem
1016 736 1093 756 cum
1117 723 1158 756 ad
1183 724 1299 764 altare,

157 801 291 822 crucem
318 800 439 832 nempe
468 796 553 819 esset
577 798 786 827 accessurus,
813 785 1025 830 invsuprema
1053 798 1158 818 coena
1183 785 1299 818 vinum

157 851 295 897 quidem
326 862 395 882 non
427 848 551 882 bibisse
584 847 735 893 putavit,
776 847 827 880 his
860 847 1018 880 inductus
1050 847 1160 880 verbis
1191 848 1299 881 Marci

156 914 250 953 XlV,
274 912 331 946 25.
379 913 532 944 »»Amen
564 910 640 944 dico
668 908 783 949 vobis,
808 908 899 953 quia'
917 907 983 953 jam
1016 921 1085 942 non
1109 910 1223 942 bibam
1255 911 1297 943 de

156 976 222 1008 hoc
247 973 415 1017 genimine
441 972 536 1013 vitis,
567 984 672 1017 usque
705 971 739 1004 in
765 970 855 1003 diem
880 971 997 1011 illum,
1031 985 1108 1004 cum
1136 972 1223 1005 illud
1248 972 1299 1005 bi-

159 1039 238 1071 bam
270 1049 398 1069 novum
424 1034 457 1067 in
482 1047 585 1077 regno
611 1033 719 1066 Patris
745 1032 891 1065 meim«
928 1033 1116 1077 Apostolos
1141 1046 1221 1067 vero
1247 1035 1299 1067 bi-

157 1100 247 1133 bisse
272 1097 406 1136 vinum,
441 1096 518 1141 quia
549 1096 703 1128 nondum
736 1095 778 1127 ad
810 1094 914 1127 altare
940 1094 1046 1128 crucis
1071 1104 1165 1128 erant
1187 1109 1299 1130 acces-

157 1161 236 1196 suri.
282 1160 336 1193 En
362 1158 423 1192 tibi
448 1158 519 1202 ipsa
544 1158 663 1190 verba:
700 1156 921 1196 »Videamus,
954 1157 1131 1201 quomodo
1156 1156 1190 1190 id
1216 1170 1297 1190 vero

157 1222 319 1258 Pontifici
343 1221 476 1256 Christo
501 1219 655 1253 Domino
680 1229 817 1259 nostru,
851 1228 884 1251 et
907 1219 1140 1252 sacerdotibus
1165 1218 1236 1265 ejus
1259 1233 1297 1253 ac

156 1288 247 1328 filiis,
273 1284 397 1319 nostris
425 1296 506 1316 vero
532 1281 709 1327 Apostolis
733 1280 901 1326 possimus
923 1290 1049 1325 aptare,
1074 1291 1136 1314 etc.
1185 1281 1299 1325 Quae-

156 1350 244 1383 ritur
266 1361 358 1390 ergo,
382 1345 558 1391 quomodo
583 1343 752 1377 Dominus
779 1352 812 1376 et
834 1342 993 1377 Salvator
1013 1352 1138 1383 noster¹
1164 1343 1223 1389 qui
1248 1353 1297 1377 est

156 1424 255 1445 verus
279 1409 455 1449 Pontifex,
491 1420 568 1440 cum
594 1404 768 1451 discipulis
793 1405 878 1445 suis,
913 1404 971 1450 qui
995 1415 1071 1438 sunt
1095 1405 1166 1438 veri
1189 1418 1298 1439 sacer·-

155 1475 271 1512 dotes,
303 1480 480 1515 antequam
510 1469 648 1501 accedat
679 1468 721 1500 ad
753 1467 856 1499 altare
880 1467 966 1507 Dei,
997 1467 1137 1500 bibebat
1162 1467 1295 1510 vinum;

156 1549 234 1570 cum
266 1546 346 1567 vero
378 1532 538 1564 accedere
574 1528 745 1574 coeperit,
785 1541 854 1560 non
886 1528 1034 1561 bibebat.
1090 1530 1237 1563 Venerat
1261 1530 1294 1563 in

155 1599 244 1632 bunc
268 1596 434 1629 mundum
458 1594 632 1632 Salvator,
657 1600 709 1632 ‚ut
739 1603 802 1635 pro
835 1589 983 1634 peccatis
1013 1590 1135 1624 nostris
1160 1604 1295 1625 carnem

157 1674 251 1695 suam
283 1658 426 1691 offerret
457 1655 601 1687 hostiam
631 1653 722 1686 Deo.
783 1653 879 1685 Hanc
913 1651 1109 1697 priusquam
1142 1654 1295 1695 offerret,

155 1724 246 1757 inter
269 1717 558 1764 dispensationum
581 1727 694 1748 moras
720 1712 836 1760 viuum
854 1714 1008 1748 bibebat:
1033 1715 1179 1761 denique
1203 1717 1296 1750 dice—

156 1788 258 1819 batur
280 1781 430 1825 hom02)
457 1781 645 1819 vorax,'.et
669 1776 737 1809 viui
760 1784 916 1820 potator,
941 1777 1068 1811 amicus
1091 1777 1294 1822 publicano-

156 1862 244 1888 rum,
281 1855 312 1878 et
336 1851 565 1889 peccatorum.
612 1838 682 1872 Ubi
722 1851 804 1870 vero
843 1847 975 1883 tempus
1013 1839 1150 1872 advenit
1185 1841 1292 1877 crucis

157 1923 280 1944 suaet«
310 1901 591 1948 »›»Accipiens,³)
616 1900 736 1946 inquit,
761 1900 900 1934 calicem
924 1901 1115 1942 benedixit,
1140 1911 1173 1934 et
1197 1902 1292 1935 dedit

159 1969 333 2016 discipulis
357 1967 434 2006 suis,
460 1965 590 1999 dicens:
615 1962 769 2007 Accipite
795 1972 827 1995 et
849 1963 956 1995 bibite
975 1976 1012 1995 ex
1032 1963 1154 1997 hocm«
1190 1965 1293 2004 »Vos,

156 2034 277 2080 inquit,
299 2030 425 2069 bibite,
462 2026 567 2072 qui⁴)
599 2025 705 2057 modo
730 2024 893 2057 accessuri
918 2037 986 2057 non
1011 2025 1089 2058 estis
1111 2025 1153 2058 ad
1178 2025 1293 2059 altare·

252 2173 284 2215 1)
310 2170 378 2203 Csr.
405 2169 508 2201 chr.
533 2166 575 2205 X,
602 2165 630 2199 1.
727 2164 761 2208 ²)
788 2164 907 2196 Manli.
933 2165 995 2203 XI,
1023 2164 1077 2199 19.

251 2228 284 2271 ³)
313 2225 430 2258 Manli.
458 2223 581 2261 XXVl,
607 2221 660 2254 27.
687 2220 766 2252 coll.
791 2220 844 2254 26.

251 2285 285 2329 ⁴)
311 2282 397 2315 Edd.
422 2278 554 2312 Huctii:
581 2277 659 2323 quia
684 2290 752 2310 uon
777 2277 940 2310 accessuri
966 2277 1043 2310 estis
1068 2286 1129 2309 etc.

300 2422 313 2430 ο
