1403 2492
385 97 695 129 OntssnmANonum
721 93 833 126 Lmen
859 93 902 126 11.
1155 95 1197 131 61

66 189 153 223 Cum
178 201 216 222 ex
241 189 306 221 hoc
331 185 422 220 enim
445 185 523 217 loco
549 182 796 216 concluderent
822 181 979 214 nonnulli
1004 182 1112 216 libero
1138 197 1200 218 nos

67 262 179 283 carere
210 248 368 289 arbitrie,
409 245 574 290 siquidem
609 257 647 277 ex
678 243 756 276 Deo
794 244 981 288 penderent
1017 245 1199 280 voluntatis

66 321 199 344 nostrae
224 320 346 350 motus,
371 308 418 342 sic
441 307 625 352 respondet
643 304 806 347 Origenes
832 305 890 339 lib.
906 306 964 338 ΙΙΙ.
991 307 1033 339 de
1047 307 1199 353 Princip.

68 387 140 418 cap.
168 373 199 407 1.
226 386 316 405 num.
343 370 393 406 19.
420 371 492 403 Καὶ
512 369 542 413 ¹)
575 367 665 412 πρὸς
695 369 799 401 τοῦτο
831 367 871 401 δὲ
902 369 1065 412 λεκτέον,
1099 368 1152 404 ὅτι
1178 368 1198 413 ἡ

68 438 130 470 τοῦ
157 433 363 474 ἀποστόλου
387 434 477 470 λέξις
502 426 543 464 οὕ
570 441 662 474 qam
686 427 725 462 τὸ
750 430 872 462 θέλειν
896 428 939 463 τὰ
964 431 1056 464 κακὰ
1073 432 1113 465 ἐκ
1134 434 1197 466 τοῦ

69 499 154 531 θεοῦ
181 494 290 539 εἶναι,
317 493 389 538 ἢῖ)
413 491 452 527 τὸ
475 494 597 527 θέλειν
619 490 662 525 τὰ
687 488 812 535 ἀγαθὰ
835 491 875 525 ἐκ
897 493 960 525 τοῦ
979 494 1068 527 θεοῦ
1085 489 1198 528 εἶναι·

69 558 203 604 ὁμοίως
228 570 264 593 τε
277 556 310 601 ³)
335 553 373 590 τὸ
399 556 560 599 ἐνεργεῖν
591 551 633 587 τὰ
666 556 851 598 κρείττονα
876 555 937 587 καὶ
965 551 1007 588 τὰ
1027 558 1196 600 χείρονα·

68 619 159 655 ἀλλὰ
184 618 222 654 τὸ
246 614 408 653 καθόλου
431 617 571 659 θέλειν,
605 615 667 649 καὶ
696 612 736 648 τὸ
760 612 922 650 καθόλου
945 617 1094 662 τρέχειν.
1139 614 1201 656 Ὡς

67 681 140 728 γὰρ
165 679 237 716 ἀπὸ
269 680 358 715 θεοῦ
383 678 516 724 ἔχομεν
547 675 586 711 τὸ
612 671 705 712 εἶναι
737 679 825 718 ζῶα,
858 678 919 711 καὶ
947 676 986 712 τὸ
1012 674 1104 712 εἶναι
1130 674 1200 712 ἅν-

69 748 228 791 θρωποι·
255 739 346 777 οὕτω
371 741 433 774 καὶ
456 737 495 774 τὸ
520 737 683 774 καθόλου
702 740 834 780 θέλειν,
858 737 905 778 ὥς
929 740 961 774 εὶ
980 739 1118 784 ἔλεγον,
1138 741 1200 774 καὶ

68 803 108 840 τὸ
132 801 293 839 καθόλου
316 804 517 837 κινεῖσθαι·
554 798 678 847 ὥσπερ
702 801 743 835 δὲ
767 801 909 846 ἔχοντες
931 799 971 835 τὸ
997 803 1067 841 ζῶα
1092 798 1198 846 εἶναι,

69 864 107 900 τὸ
130 868 323 908 κινεῖσθαι,
348 865 409 897 καὶ
435 861 511 909 φέρ’
540 864 656 898 εἰπεῖν
679 860 765 898 τάδε
789 861 832 897 τὰ
856 865 946 910 μέλη
971 867 1097 904 κινεῖν,
1116 867 1200 908 χεῖ-

67 939 130 974 ρας
148 923 169 970 ἢ
184 923 313 971 πόδας,
337 924 403 960 οὐκ
420 921 467 959 ἄν
483 923 642 969 εὐλόγως
655 927 826 970 λέγοιμεν
849 926 945 970 ἔχειν
961 924 994 969 ⁴)
1015 924 1088 960 ἀπὸ
1109 927 1200 962 θεοῦ

65 985 104 1023 τὸ
121 985 258 1023 εἰδικὸν
270 986 366 1033 τόδε,
383 983 463 1030 ἦίοι
480 985 519 1021 τὸ
535 990 714 1021 κινεῖσθαι
730 985 820 1031 πρὸς
835 985 874 1021 τὸ
891 985 1038 1022 τύπτειν
1053 984 1074 1030 ἢ
1092 987 1201 1022 ἀναι-

67 1053 162 1096 ρεῖν,
188 1046 210 1093 ἢ
235 1048 474 1095 ἀφαιρεῖσθαι
500 1047 542 1082 τὰ
568 1046 758 1093 ἀλλότρια·
786 1048 874 1083 ἀλλὰ
900 1047 939 1083 τὸ
962 1049 1034 1093 μὲν
1051 1048 1201 1093 γενικὸν

67 1110 107 1147 τὸ
140 1114 321 1146 κινεῖσθαι
353 1107 533 1154 ἐλάβομεν
564 1107 639 1144 ἀπὸ
673 1112 779 1145 θεοῦ·
820 1109 923 1154 ἡμεῖς
953 1111 993 1145 δὲ
1018 1110 1200 1156 χρώμεθα

67 1175 116 1219 τῷ
142 1175 322 1208 κινεῖσθαι
346 1171 408 1206 ἐπὶ
431 1169 473 1205 τὰ
493 1174 666 1216 χείρονα,
693 1169 716 1214 ἢ
741 1171 801 1206 ἐπὶ
826 1171 868 1205 τὰ
892 1174 1078 1216 βελτίονα·
1106 1171 1199 1207 οὕτω

68 1233 109 1270 τό
137 1235 209 1282 μὲν
242 1235 422 1279 ἐνεργεῖν,
466 1225 487 1280 ᾗ
519 1231 589 1273 ζῶα
620 1233 752 1278 ἐσμεν,
795 1232 999 1279 εἰλήφαμεν
1031 1233 1104 1269 ἀπὸ
1137 1235 1201 1269 τοῦ

68 1299 178 1341 θεοῦ,
219 1297 280 1330 καὶ
312 1293 352 1330 τὸ
390 1296 510 1329 θέλειν
541 1292 721 1340 ἐλάβομεν
752 1293 826 1330 ἀπὸ
857 1297 919 1329 τοῦ
954 1296 1200 1342 δημιουργοῦ·

69 1357 172 1404 ἡμεῖς
202 1357 243 1392 δὲ
276 1357 326 1402 τῷ
359 1358 479 1391 θέλειν
511 1356 572 1391 ἐπὶ
603 1354 646 1390 τοὶ
670 1354 860 1400 κάλλιστα,
885 1353 906 1401 ἢ
931 1357 1079 1392 ἐναντία
1098 1355 1202 1403 χρώ-

66 1425 186 1466 μεθα,
211 1417 347 1464 ὁμοίως
371 1417 411 1451 δὲ
435 1419 484 1463 τῷ
509 1417 681 1462 ἐνεργεῖν.
731 1417 888 1462 Quorum
909 1419 1108 1451 sententiam
1124 1418 1202 1452 satis

67 1481 215 1515 fideliter
236 1488 370 1526 praeter
391 1492 522 1512 morem
547 1492 645 1512 suum
668 1479 787 1512 retulit
809 1481 971 1522 Rufinus;
1005 1480 1082 1526 quia
1112 1481 1202 1514 scili-

71 1553 124 1577 cet
138 1543 319 1585 Pelagiana
343 1549 445 1577 erant.
486 1541 626 1574 Notavit
649 1551 761 1574 nutem
786 1542 844 1574 illa
862 1543 895 1576 S.
914 1543 1062 1576 Thomas
1080 1543 1155 1577 libr.
1170 1542 1201 1577 3.

70 1614 185 1639 contra
209 1605 353 1644 Gentes,
378 1615 452 1647 cap.
478 1602 554 1643 89„
589 1613 621 1636 et
647 1604 744 1636 variis
769 1604 964 1649 Scripturae
988 1604 1071 1637 locis
1096 1604 1204 1637 ohtri-

68 1668 125 1700 vit.
173 1665 311 1700 Notavit
336 1674 369 1697 et
390 1664 577 1705 Jansenius,
603 1675 636 1697 et
658 1674 813 1710 tanquam
839 1666 962 1708 gratiae
981 1666 1106 1698 Christi
1124 1680 1204 1699 con-

69 1729 169 1762 traria
199 1727 321 1760 merito
353 1725 554 1770 repudiavit.
614 1725 728 1769 Quem
764 1740 843 1759 vero
879 1727 913 1759 in
951 1727 1041 1760 calce
1078 1727 1203 1760 decimi

71 1790 161 1823 tertii
193 1789 329 1834 eapitis,
364 1787 420 1820 lib.
445 1787 476 1820 6.
503 1787 604 1820 Tom.
629 1788 652 1819 l.
679 1788 797 1820 recitat
828 1788 960 1828 locum,
996 1788 1052 1833 qui
1077 1789 1112 1821 in
1136 1789 1202 1821 fine

72 1850 186 1895 capitis
211 1852 235 1884 Ῑ.
269 1850 343 1882 libr.
368 1849 399 1883 3.
431 1852 513 1893 περὶ
540 1850 662 1894 ἀρχῶν
685 1849 872 1893 reperitur,
905 1850 945 1881 de
971 1863 1028 1882 sua
1054 1850 1204 1892 Pelagia-

70 1912 169 1944 nismi
205 1911 339 1945 officina
370 1910 505 1953 largitus
531 1920 580 1943 est
604 1910 763 1953 Rufinu53
799 1910 831 1943 in
865 1910 996 1943 Graeco
1034 1911 1200 1956 siquidem

69 1972 252 2018 exemplari
273 1986 341 2005 non
366 1981 551 2017 comparet.

167 2125 198 2168 ¹)
224 2124 294 2157 Cfr.
321 2122 485 2157 Philocal.
512 2137 550 2157 ex
575 2126 626 2159 ed.
652 2127 813 2171 Spencer.
839 2137 911 2170 cap.
936 2125 1032 2158 ΧΧΙ.
1058 2139 1090 2170 p.
1115 2125 1170 2159 64.

162 2181 196 2224 ²)
220 2180 353 2213 Desunt
377 2179 411 2212 in
428 2181 504 2216 edd.
522 2181 564 2214 H.
584 2183 701 2215 verba:
727 2179 749 2225 ἢ
774 2181 812 2216 τὸ
849 2184 972 2217 θέλειν
1003 2180 1045 2216 τὰ
1077 2181 1203 2227 ἀγαθοὶ

68 2226 109 2259 ἐκ
133 2228 194 2259 τοῦ
220 2228 308 2261 θεοῦ
333 2222 437 2261 εἶναι.

159 2281 193 2324 ³)
220 2282 325 2314 Deest
350 2295 384 2317 τε
409 2283 442 2314 in
468 2283 544 2316 edd.
569 2283 610 2317 H.
698 2281 731 2327 ⁴²)
756 2283 862 2316 Deest
885 2283 981 2327 ἔχειν
1006 2283 1038 2315 in
1065 2284 1131 2316 edd
1157 2283 1199 2315 H.
