1403 2492
164 28 229 66 100
498 28 612 62 Parni
638 28 810 61 omaus
835 29 966 63 Hom-n

168 120 296 154 dictum
331 126 397 158 est,
429 118 506 162 quia
550 128 796 164 »weputatum
819 119 848 164 ¹)
879 129 926 151 cst
961 119 990 152 ei
1017 119 1058 152 ad
1082 119 1301 165 justitiam,¹«·‹

169 182 215 215 ita
241 191 274 214 et
299 181 341 212 de
372 179 447 212 aliis
472 180 650 213 virtutibus
684 180 751 213 dici
782 181 906 226 possit,
937 181 1033 226 quia,
1063 181 1158 214 verbi
1189 182 1304 224 gratia,

168 241 400 277 misericordia
430 241 615 286 unicuique
646 242 795 287 reputari
832 251 945 286 potest
968 243 1010 275 ad
1035 242 1214 286 justitiam,
1249 253 1305 275 ant

169 304 350 351 sapientia,
374 312 431 336 aut
454 303 610 343 scientia,
635 313 691 335 aut
715 304 960 344 mansuetudo,
984 313 1017 336 et
1042 304 1223 345 humilitas,
1251 305 1302 337 ve!

170 377 259 400 certe
284 366 310 399 si
336 364 430 398 omni
455 366 606 398 credenti
631 366 713 397 fides
739 365 780 397 ad
798 365 958 411 justitiam
976 376 1180 411 reputetur.‹=
1215 367 1303 399 Tum

169 430 203 462 in
227 429 329 462 Rom.
354 427 412 467 IV,
440 426 490 461 18.
516 440 606 460 uum.
632 427 662 460 6.
698 426 831 466 »Puto,
857 429 949 472 quod
974 429 1082 472 prima
1107 428 1222 461 salutis
1246 428 1307 461 ini-

172 491 235 531 tia,
259 499 293 522 et
315 488 386 534 ipsa
413 488 646 528 fundamenta,
678 487 760 521 fides
788 499 852 521 est:
889 490 1065 534 profectus
1090 503 1170 523 vero
1195 500 1229 524 et
1252 502 1308 522 au-

172 561 303 594 gmenta
336 549 500 589 aedificii,
537 562 614 594 spes
653 559 717 582 est:
755 551 922 595 perfectio
955 540 1067 584 anteri:
1104 562 1139 585 et
1174 552 1308 585 culmen

170 613 274 647 totius
300 611 430 658 operis,
457 611 586 645 caritas.
598 627 614 642 «ι
666 612 760 644 Idem
785 612 885 645 Tom.
905 614 997 647 XVI.
1022 614 1056 647 in
1074 614 1193 648 Matth.
1217 627 1310 647 num.

171 675 225 710 27.
250 675 353 708 fidem
379 674 504 718 absque
532 673 692 718 operibus
716 673 862 706 similem
887 687 957 707 esse
975 675 1059 708 dicit
1077 675 1156 707 sicui
1178 688 1195 708 ι
1213 674 1310 708 Chri-

169 747 222 770 sto
248 736 433 778 arefactae,
467 748 551 780 quae
586 735 670 768 solia
701 744 833 768 tantum
857 737 982 781 absque
1008 737 1172 769 fructibus
1198 746 1309 768 osten-

174 800 272 832 tabat.
322 799 439 842 Itaque
468 806 649 842 postquam
681 798 826 842 probare
857 807 995 831 conatus
1035 808 1102 838 est,
1138 798 1210 831 sola
1240 798 1308 831 fide

170 861 344 893 hominem
371 859 461 892 effici
483 859 620 906 justum,
645 859 770 904 absque
797 860 956 905 operibus
981 860 1074 903 legis,
1096 860 1212 905 priore
1230 860 1310 893 loco

172 922 251 955 libri
276 922 338 954 Ill.
364 921 397 954 in
423 921 519 965 epist.
544 921 586 954 ad
610 921 710 953 Rom.
735 921 847 954 statim
870 921 1006 968 subjicit
1028 935 1119 954 num.
1144 921 1176 957 9.
1215 922 1311 956 ”Sed

171 983 320 1017 fortassis
350 983 433 1015 haec
464 982 586 1027 aliquis
610 982 749 1015 audiens
773 984 980 1024 resolvatur,
1012 993 1046 1016 et
1074 985 1160 1016 bene
1190 984 1309 1026 agendi

169 1044 408 1088 negligentiam
433 1044 560 1089 capiat,
590 1044 757 1089 siquidem
791 1046 833 1078 ad
857 1045 1105 1091 justificandum
1130 1046 1214 1078 fides
1237 1047 1310 1079 sola

169 1107 325 1140 sufficiat.
375 1106 427 1139 Ad
452 1117 552 1150 quem
579 1105 746 1146 dicemus,
782 1107 858 1151 quja
882 1117 960 1151 post
984 1107 1258 1152 justificationem
1281 1107 1308 1140 si

168 1169 292 1215 injuste
324 1167 398 1214 quis
428 1177 519 1210 agat,
550 1168 621 1200 sine
654 1168 758 1201 dubio
783 1168 1029 1214 justificationis
1054 1169 1192 1212 gratiam
1217 1181 1310 1214 spre-

170 1231 262 1264 vit:«
289 1239 322 1263 et
345 1230 567 1275 postmodum
592 1243 684 1262 num.
712 1230 763 1265 10.
797 1230 932 1274 »Quod
962 1231 989 1263 si
1014 1232 1162 1276 requirat
1185 1230 1307 1276 aliquis

168 1292 351 1331 curiosius,
381 1291 405 1323 ii
441 1291 499 1336 qui
531 1304 569 1324 ex
592 1292 659 1324 fide
684 1292 925 1337 justificantur,
961 1305 1024 1337 per
1056 1306 1154 1338 quem
1189 1291 1306 1338 justifi-

167 1363 301 1395 centur-3
339 1353 418 1385 licet
448 1353 599 1386 fortassis
630 1353 736 1385 multa
771 1354 803 1386 in
840 1354 903 1385 hoc
935 1354 1109 1387 curiositas
1142 1354 1305 1393 videatur,

165 1425 279 1449 tamen
313 1415 554 1448 convenienter
586 1415 699 1448 dicere
731 1428 926 1459 possumus,
960 1417 1052 1460 quod
1085 1416 1142 1460 qui
1176 1428 1213 1448 ex
1239 1416 1304 1448 fide

165 1478 405 1524 justificantur,
443 1476 542 1509 initio
576 1490 613 1509 ex
650 1477 718 1509 side
755 1486 888 1517 sumto,
926 1490 987 1521 per
1024 1477 1305 1522 adimpletionem

164 1541 335 1572 bonorum
361 1551 504 1583 operum
533 1549 826 1580 consummantur3
857 1549 889 1572 et
915 1539 970 1584 qui
995 1551 1058 1584 per
1082 1540 1184 1580 fidem
1209 1539 1304 1585 justi-

165 1601 319 1640 ficantur,
346 1612 363 1632 a
387 1600 486 1632 bouis
511 1600 673 1645 operibus
697 1601 815 1640 exorsi,
840 1615 901 1646 per
925 1601 1028 1634 fidem
1046 1614 1210 1633 summam
1229 1614 1304 1646 per-

163 1662 348 1695 fectionem
393 1661 573 1706 accipiunt.
586 1676 601 1689 α
665 1663 831 1706 ‘Quanam
873 1675 951 1704 crgo
992 1663 1059 1695 fide
1098 1663 1302 1707 scripserunt

165 1723 473 1766 magdeburgenses
500 1723 597 1757 Ceut.
625 1725 683 1757 111.
711 1738 780 1769 cap.
809 1725 877 1764 10.,
904 1724 1085 1767 Origenem
1121 1724 1304 1769 »justifica-

163 1786 265 1819 tionis
291 1786 421 1818 sontem
447 1786 564 1819 fecisse
589 1787 679 1819 bona
706 1786 858 1831 opera?«

255 1848 381 1881 XXIV.
426 1847 480 1880 De
509 1840 651 1893 peccato
684 1847 821 1889 originis
852 1849 893 1880 ab
920 1848 1049 1880 Adamo
1082 1848 1115 1880 in
1148 1847 1301 1880 homines

162 1919 348 1954 propagato
382 1921 450 1942 non
483 1922 548 1942 una
583 1918 632 1941 est
660 1908 805 1954 Iprensis
838 1908 990 1953 episcopi
1022 1910 1180 1942 adversus
1212 1910 1301 1943 Ada—

162 1971 325 2004 mantium
359 1971 506 2015 querela.
562 1971 591 2003 Is
616 1971 717 2003 Tom.
744 1971 767 2003 Ι.
803 1970 877 2003 libr.
904 1971 959 2004 vt.
1000 1984 1070 2016 cap.
1097 1971 1167 2011 17„
1207 1981 1298 2015 post-

161 2044 261 2077 quam
287 2032 469 2074 Origenein
501 2033 604 2065 fassus
637 2041 686 2064 est
717 2033 757 2064 de
789 2043 929 2077 peccato
966 2032 1102 2075 originis
1127 2045 1144 2065 a
1170 2033 1297 2065 Catho-

159 2093 223 2126 lica
248 2094 388 2127 ecclesia
413 2093 588 2127 dissentire
606 2094 799 2138 neutiquam
819 2094 936 2134 videri,
963 2094 1149 2137 pelagianis
1171 2104 1294 2132 tamen.

251 2215 284 2258 ¹)
308 2216 408 2248 Rom.
437 2216 491 2255 lv,
516 2216 546 2249 3.
