1403 2492
178 71 247 107 324
515 72 628 106 Prxrm
653 73 830 107 nimus
854 74 989 108 Hom-11

179 165 274 209 quod
299 163 399 197 multi
424 162 645 203 affirmarunt,
671 164 839 209 planeque
864 164 904 198 iis
929 165 1115 199 immunem
1142 166 1322 209 Origenem

178 239 448 269 agnosceremus,
473 226 600 258 valeret
626 226 660 258 id
693 226 830 270 quidem
867 228 908 260 ad
935 228 1185 261 excusationem
1209 238 1325 262 aucto-

180 288 243 329 ris3
267 301 336 321 non
361 289 402 320 ad
427 287 666 332 purgationem
693 288 872 321 librorum.
923 289 1009 322 Cum
1043 300 1172 323 certum
1197 290 1242 323 sit
1264 291 1325 332 igi-

180 359 245 389 tur,
270 349 363 382 falsis
389 362 447 382 eos
474 359 507 382 et
531 349 645 394 impiis
671 359 798 382 scatere
824 350 1016 390 sententiis,
1050 362 1083 385 et
1112 352 1180 399 jam
1205 352 1284 385 inde
1308 366 1325 386 a

182 411 319 444 vetustis
344 411 558 455 temporibus
584 412 674 444 malo
700 412 869 445 fermento
896 413 998 445 fuisse
1030 412 1192 454 infectos,
1224 426 1327 459 quae-

180 474 266 506 ritur
288 472 467 518 penitusne
493 473 666 518 repudiari
700 486 757 506 eos
790 473 904 519 jubeat
944 475 1102 516 ccclesia,
1143 485 1176 508 et
1214 475 1326 522 abjici,

180 536 470 580 quemadmodum
512 535 775 568 naereticorum
818 536 896 569 libri
934 538 1062 576 solent,
1101 550 1143 569 an
1173 537 1324 582 ipsorum

179 611 279 631 usum
305 598 423 630 eadem
449 598 502 630 vel
527 598 662 642 probet,
689 599 742 630 vel
770 607 859 630 certe
887 599 1072 643 permittat.

273 661 405 692 Auctor
448 669 497 692 est
533 659 732 704 Pamphilus
770 660 803 692 in
843 661 1029 705 Apologia,
1067 660 1326 693 naereticorum

182 723 261 754 loco
285 734 343 753 sua
369 730 478 753 aetate
503 735 521 753 a
547 721 661 753 multis
688 721 838 760 habitos,
865 722 1057 767 quicunque
1088 722 1183 755 libris
1208 722 1328 764 Orige-

182 785 232 817 nis
257 792 445 822 uterentur,
471 796 533 815 nec
561 796 633 815 eam
661 783 800 828 quidem
824 798 1014 821 concessam
1040 785 1121 829 ipsis
1147 785 1248 818 fuisse
1271 797 1328 817 ve-

182 847 292 885 niam,
318 859 402 890 quae
431 846 618 890 »impartiri
645 848 733 879 solet
759 847 870 891 (verbi
895 848 1016 891 gratia)
1043 848 1110 886 his,
1136 848 1192 891 qui
1221 847 1326 880 Grae-

184 921 302 941 corum
327 907 553 939 saecularium
581 908 698 948 libros,
726 909 778 940 vel
804 907 1047 954 nonnunquam
1074 909 1175 941 etiam
1201 908 1328 940 Haere-

184 970 329 1003 ticorum
356 970 580 1014 percontandi
606 979 705 1015 atque
733 970 1087 1013 cognoscendistudio
1111 971 1323 1003 decurrunt.«

185 1032 356 1076 Pamphili
383 1032 518 1064 circiter
541 1033 755 1076 temporibus
789 1034 934 1065 florebat
965 1033 1169 1065 Pachomius
1203 1032 1327 1069 Abbas,

186 1094 273 1126 vitae
297 1093 474 1126 sanctitate
499 1093 652 1133 illustris,
678 1108 779 1139 quem
805 1094 870 1140 jam
895 1095 996 1126 morti
1023 1094 1228 1139 proximum,
1253 1106 1327 1125 mo-

184 1156 310 1189 nachos
334 1168 413 1188 suos
440 1156 480 1187 ab
507 1168 621 1188 earum
649 1157 924 1189 lucubrationum
952 1157 1100 1188 lectione
1125 1155 1327 1198 gravissimis

186 1219 295 1251 verbis
319 1217 534 1262 prohibuisse
558 1227 686 1256 narrat,
712 1218 768 1262 qui
795 1219 896 1251 vitam
924 1218 993 1263 ejus
1020 1217 1126 1251 literis
1151 1217 1327 1259 consigna-

184 1282 249 1314 vit:
283 1272 342 1313 sed
373 1281 476 1313 sidem
508 1279 693 1312 narrationi
725 1280 871 1313 detrahit
904 1290 1120 1326 perspectum
1151 1279 1327 1324 scriptoris

184 1344 343 1379 adversus
369 1341 621 1384 origenismum
648 1341 776 1375 odium.
826 1343 975 1375 Multum
1011 1342 1134 1376 deinde
1165 1355 1183 1374 a
1213 1341 1327 1374 Theo-

184 1406 280 1449 philo
310 1414 343 1437 et
367 1403 560 1448 Epiphanio
593 1405 785 1436 laboratum
811 1414 879 1443 est,
910 1404 1062 1437 omnium
1097 1404 1140 1436 de
1171 1403 1327 1436 manibus

186 1469 210 1501 ii
235 1467 314 1500 libri
340 1475 377 1498 ut
404 1476 657 1498 excuterentur:
692 1466 867 1510 proditum
901 1467 1029 1511 quippe
1062 1475 1112 1499 est
1144 1479 1162 1498 a
1186 1466 1326 1499 Socrate

187 1531 262 1563 libr.
288 1530 344 1561 Vl.
372 1541 443 1572 cap.
467 1527 500 1563 9.
535 1528 604 1566 12..
646 1537 679 1559 et
715 1527 909 1560 Sozomeno
944 1528 1018 1559 libr.
1044 1527 1136 1559 thk
1163 1540 1235 1571 cap.
1262 1527 1326 1566 14.,

186 1594 274 1625 solas
299 1589 456 1632 Origenis
482 1589 733 1624 lucubrationes
760 1588 972 1621 criminatum
996 1600 1065 1620 esse
1082 1588 1327 1633 Theophilum,

187 1667 303 1687 earum
327 1653 408 1684 licet
432 1651 631 1683 auctoritate
665 1651 824 1683 adversus
850 1650 994 1683 Arianos
1027 1649 1094 1695 jam
1122 1660 1198 1683 ante
1225 1652 1327 1685 Atha-

186 1715 299 1750 nasius
323 1722 520 1758 pugnasset;
544 1713 769 1746 Alexandriae
788 1712 980 1752 ‚concilium
1005 1712 1184 1753 conflasse,
1209 1713 1244 1746 in
1269 1727 1327 1747 eo-

188 1791 253 1824 que
284 1777 364 1810 illae
394 1785 433 1808 ut
464 1776 725 1820 repudiarentur
749 1775 948 1820 perfecisse3
980 1774 1114 1807 easdem
1144 1775 1178 1808 in
1204 1776 1327 1822 Cypria

186 1840 318 1887 synodo
344 1851 442 1870 suasu
466 1836 572 1881 ipsius
596 1836 825 1881 Epiphanium
852 1837 1037 1876 damnasse,
1063 1846 1095 1869 et
1118 1849 1160 1869 ne
1187 1838 1261 1882 quis
1286 1839 1326 1872 iis

186 1900 337 1944 legendis
362 1912 500 1944 operam
526 1899 622 1931 daret
644 1898 809 1936 sanxisse,
840 1899 1015 1930 decretum
1041 1899 1327 1945 Constantinopo-

187 1964 237 1997 lin
261 1962 400 2001 misisse,
425 1961 584 2005 idemque
600 1970 636 1993 ut
652 1961 788 2000 faceret,
814 1961 1094 2006 Chrysostomum
1111 1961 1209 1994 valde
1223 1963 1326 1996 fuisse

185 2027 375 2064 hortatum
401 2025 525 2056 eodem
551 2023 662 2068 ipsum
689 2022 918 2061 contendisse,
961 2022 1142 2067 episcopos
1173 2023 1207 2056 in
1231 2038 1325 2058 suam

184 2086 384 2120 sententiam
410 2085 571 2130 pellicere
597 2084 756 2122 voluisse,
793 2092 825 2115 et
851 2083 1052 2125 Origeniana
1077 2084 1222 2130 denique
1245 2087 1327 2120 scri-

184 2158 243 2193 pta
266 2148 302 2180 in
328 2147 576 2191 Apostolorum
602 2147 730 2189 templo
758 2145 896 2189 publica
928 2146 1182 2180 denuntiatione
1207 2161 1324 2193 repro—

181 2210 262 2242 bare
285 2217 462 2253 parantem
487 2207 684 2253 Sarapionis
717 2207 852 2239 monitu
885 2207 1100 2240 absterritum
1133 2209 1244 2243 fuisse.
1294 2212 1321 2242 A

181 2270 344 2303 Faustino
371 2282 507 2314 quoque
534 2269 676 2302 vetitum
710 2281 829 2301 eorum
854 2282 954 2301 usum
978 2269 1179 2303 testificatur
1201 2270 1323 2304 Hiero-
