1403 2492
145 89 212 124 21ss
481 89 595 124 Perat
621 91 792 125 nameus
817 91 951 125 Humi!

148 179 299 218 ἀδίκους
322 180 383 214 καὶ
407 180 570 229 πονηρὰς
594 182 634 217 ἐν
652 185 815 228 χείρονι,
842 180 906 217 τὸν
933 183 994 225 ιῆς
1016 184 1167 227 κρίσεως
1189 181 1287 219 ἔκδε-

144 245 308 287 χομένας
326 241 467 288 χρόνον
498 242 588 280 τότε.
647 243 771 283 Οὕτως
804 245 842 278 αἱ
870 244 941 290 μὲν
974 240 1072 283 lisam
1103 245 1168 279 τοῦ
1197 247 1286 280 θεοῦ

151 307 336 349 ᾳανεῖσαι,
362 304 428 339 οὐκ
452 303 758 349 ἀποθνήσκουσιν
783 306 852 340 ἔτι·
888 308 926 339 αἱ
953 306 993 340 δὲ
1017 303 1228 346 κολάζονται
1254 307 1290 345 ἔς

148 364 174 400 τ’
214 362 261 399 ἂν
296 364 408 404 αὐτὰς
436 368 499 401 καὶ
538 363 632 402 εἶναι
670 369 733 401 καὶ
770 367 989 408 κολάζεσθαι
1025 365 1043 402 ὁ
1074 365 1159 407 θεὸς
1188 370 1288 416 θέλῃ.

148 427 301 460 Eandem
326 428 445 474 arripit
469 429 660 462 doctrinam
686 430 843 462 Irenaeus
870 429 946 462 libr.
971 430 1017 464 II.
1042 443 1115 475 cap.
1140 429 1208 470 64„
1232 429 1292 462 uhi

149 488 277 522 animas
302 502 371 523 nou
394 504 488 524 secus
520 504 558 524 ae
594 490 659 524 alia
683 490 751 524 Dei
777 503 880 535 opera
907 491 1035 524 tamdiu
1059 504 1233 536 superesse
1259 500 1292 524 et

148 563 366 595 perseverare
392 553 519 594 asserit,
544 553 658 599 quoad
686 565 812 597 »usque
838 565 875 584 ea
889 552 983 585 Deus
1006 546 1040 586 et
1064 565 1134 586 esse
1159 562 1192 586 et
1216 567 1293 598 per-

147 626 301 646 severare
327 615 519 648 volueritn<
552 628 614 648 nec
646 615 755 647 multo
787 624 883 659 post:
917 616 1015 648 »Non
1046 615 1135 648 enim
1166 628 1205 648 cx
1229 628 1294 648 no-

149 675 212 716 bis,
237 675 359 721 inquit,
383 691 494 722 neque
519 690 556 709 cx
582 686 697 709 nostra
721 685 836 709 natura
863 675 932 708 vita
947 685 1006 716 cst,
1030 676 1089 709 sed
1105 677 1292 709 secundum

149 737 289 780 gratiam
313 738 380 772 Dei
407 739 521 771 datur:
551 748 584 771 et
609 738 688 771 ideo
714 737 772 783 qui
796 738 979 771 servaverit
995 739 1111 771 datum
1136 738 1236 778 vitae,
1260 748 1294 772 et

149 799 270 841 gratias
297 800 399 842 egerit
425 800 475 840 ei,
501 800 559 845 qui
595 799 780 845 praestitit,
810 799 954 845 accipiet
989 809 1022 833 et
1054 799 1088 832 iu
1118 801 1292 833 saeculum

148 861 274 894 sacculi
307 862 554 904 longitudinem
587 862 741 904 dierum3
780 863 838 907 qui
870 871 984 895 autem
1013 861 1177 908 abjecerit
1209 876 1294 902 eam,

150 932 183 956 et
208 923 354 965 ingratus
379 924 541 957 exstiterit
565 924 688 957 factori
713 925 757 956 ob
783 924 879 964 hoc,-
902 924 996 969 quod
1027 924 1134 956 factus
1167 933 1234 964 est,
1260 935 1293 957 ct

149 998 219 1018 non
244 986 441 1028 cognoverit
467 1000 564 1026 cum,
595 986 653 1031 qui
679 995 841 1030 praestat,
874 985 947 1030 ipse
970 998 1005 1019 se
1030 986 1140 1030 privat
1163 986 1197 1018 in
1221 1000 1294 1019 sae-

150 1047 264 1080 culum
289 1048 414 1081 saeculi
438 1048 725 1094 perseverantia.¹‹
783 1047 955 1080 Arnobius
985 1047 1111 1081 animas
1144 1057 1295 1081 tormen-

149 1118 264 1142 torum
297 1110 519 1143 diuturnitate
552 1119 585 1143 et
614 1109 753 1142 saevitia
785 1119 1000 1142 consumtum
1031 1109 1073 1142 iri
1104 1119 1137 1143 ct
1173 1111 1296 1143 exstin-

152 1180 244 1204 ctum
275 1172 454 1205 arbitratus
493 1182 559 1213 est;
598 1181 699 1217 atque
730 1171 814 1203 lianc
845 1184 915 1203 esse
946 1180 1094 1203 mortem
1124 1180 1294 1205 aeternam

150 1234 263 1279 impiis
288 1234 480 1267 hominibus
505 1244 572 1267 tam
597 1247 698 1279 saepe
723 1233 757 1266 in
782 1232 958 1277 Scriptura
982 1232 1195 1267 intentatam:
1220 1234 1296 1279 pio-

150 1308 226 1327 rum
252 1309 332 1343 vero
359 1306 392 1329 et
417 1300 612 1330 sancturum
637 1296 813 1329 hominum
845 1295 971 1327 animas
1003 1295 1095 1328 felici
1120 1295 1295 1329 immorta-

152 1356 246 1390 litate
279 1371 316 1391 ac
350 1358 417 1391 vita
450 1369 584 1392 aeterna
619 1357 759 1404 perfrui.
814 1357 1049 1401 Quamobrem
1081 1357 1207 1391 animas
1232 1358 1294 1391 hu-

151 1432 264 1452 manas
289 1420 443 1465 ancipitis
469 1434 556 1460 csse,
589 1420 790 1465 mediaeque
825 1419 927 1452 vitam
959 1420 1050 1452 inter
1081 1429 1115 1452 et
1145 1430 1293 1453 mortem

151 1495 190 1514 ac
214 1482 390 1524 ambiguae
415 1492 563 1522 naturae,
590 1483 677 1514 libro
702 1481 854 1514 secundo
880 1481 1002 1514 iterum
1027 1481 1218 1526 iterumque
1241 1495 1295 1516 re·-

150 1544 246 1588 petit.
296 1544 480 1587 Gregorius
505 1544 732 1578 Nazianzenus
765 1543 859 1577 Orat.
882 1542 1046 1575 XXXIX.
1094 1542 1294 1577 Haereticos

152 1606 330 1638 difficilem
355 1615 388 1639 et
413 1606 611 1640 diuturnum
644 1604 728 1647 iguis
759 1604 967 1649 baptismum
990 1613 1205 1648 suscepturos
1230 1606 1293 1638 mi-

150 1677 259 1707 natur,
284 1668 347 1701 nisi
371 1669 412 1700 ab
438 1668 567 1701 haeresi
592 1659 785 1707 discedant,
817 1679 885 1711 quo
918 1665 993 1709 igne
1025 1666 1134 1699 omnis
1165 1668 1293 1701 malitia

151 1729 199 1762 sic
225 1739 384 1775 tanquam
409 1731 550 1763 foenum
577 1729 746 1763 exurenda
769 1728 821 1762 sit.
858 1727 1024 1762 Oratione
1039 1742 1118 1761 vero
1137 1731 1293 1774 sequenti

152 1791 299 1832 dubitat,
333 1802 447 1825 utrum
475 1792 700 1840 sempiternae
732 1788 969 1823 damnatorum
999 1803 1131 1835 poenae
1161 1792 1294 1825 suturae

152 1854 230 1894 sint,
254 1868 295 1886 an
321 1868 401 1887 vero
428 1869 446 1889 a
469 1855 547 1888 Deo
573 1868 636 1899 pro
661 1867 719 1886 sua
737 1852 942 1886 humanitate
961 1852 1172 1887 breviandae.
1211 1855 1294 1887 Nar-

153 1926 203 1948 rat
243 1917 401 1961 prosecto
443 1917 583 1951 Simeon
622 1916 888 1960 Memphi-astes,
923 1914 957 1947 in
996 1914 1061 1947 vita
1098 1916 1132 1949 S.
1161 1915 1298 1961 Cyriac‘·

153 1992 225 2022 cap.
249 1980 304 2019 X.,
331 1993 408 2012 cum
433 1993 450 2011 a
477 1978 607 2025 Cyrillo
624 1977 789 2010 monacho
807 1985 980 2021 quat-reret
997 1976 1165 2022 Cyriacus,
1191 1991 1292 2022 quae-

152 2054 227 2073 nam
254 2042 437 2086 praecipue
464 2041 621 2082 dogmata
646 2048 821 2071 tuercntur
846 2040 997 2078 Nonnus,
1022 2038 1195 2079 Leontius,
1220 2040 1292 2072 alii-

152 2115 217 2146 que
243 2104 359 2135 Novae
384 2105 511 2135 Laurac
545 2102 774 2143 Origenistae,
806 2101 1019 2145 respondisse
1053 2100 1220 2146 Cyn-illum
1245 2102 1294 2133 as-

153 2164 284 2195 sirmare
311 2164 405 2197 illos:
442 2165 629 2205 »Dogmata
655 2165 695 2196 (le
722 2162 995 2209 praeexistentia,
1021 2171 1054 2195 et
1078 2162 1293 2195 restitutione

152 2225 186 2257 in
213 2227 355 2258 eundem
381 2236 503 2259 statum
531 2240 598 2258 esse
624 2226 747 2266 media,
772 2236 804 2259 et
829 2227 870 2258 ab
896 2225 987 2257 omni
1003 2225 1155 2270 periculo
1170 2225 1293 2262 nti‹·n.··;

154 2288 300 2321 dicentes
335 2289 391 2321 illa
425 2288 463 2320 iis
489 2289 528 2321 ad
555 2289 618 2321 hoc
646 2290 732 2322 serre
766 2288 1018 2329 testiinonium,
1051 2300 1133 2331 quac
1168 2285 1292 2318 alicubi
