1403 2492
363 124 676 157 Omcssmmonum
706 123 817 155 Lmen
845 122 888 156 11.
1138 121 1181 156 65

49 215 166 248 ficatus
191 215 250 255 sit;
276 215 354 259 quia
378 223 506 246 certum
532 221 581 245 est
607 224 694 251 eum,
719 211 776 256 qui
802 223 878 244 vere
904 210 1022 252 credit,
1048 224 1132 256 opus
1149 213 1178 255 ¹)

48 276 127 308 fidei
154 285 186 308 et
211 275 355 321 justitiae
383 273 525 320 operari,
551 282 583 306 et
608 273 710 306 totius
727 272 923 305 bonitatis.«
968 271 1072 305 Caute
1101 286 1177 305 vero

49 337 108 370 ista
128 338 265 380 legenda
282 347 368 378 sunt,
392 349 475 382 quae
500 336 632 369 disserit
656 335 690 368 in
707 334 763 368 lib.
780 335 840 367 ΙΙΙ.
857 347 948 367 num.
966 333 1019 368 10.
1053 333 1178 378 »Quod

49 399 75 431 si
102 398 250 443 requirat
274 399 393 443 aliquis
418 398 598 437 curiosius,
636 397 660 429 ii
692 395 748 441 qui
783 409 821 428 ex
851 396 918 428 fide
946 394 1178 440 justificantur,

52 473 114 504 per
135 473 235 505 quem
260 460 494 505 justificentur3
519 469 552 492 et
578 471 710 491 rursum
735 457 770 498 ii,
796 456 853 502 qui
871 469 932 502 per
957 457 1060 490 fidem
1086 458 1179 503 justi-

51 521 208 561 ficantur,
240 534 277 554 ex
291 521 323 565 ²)
358 534 425 566 quo
457 520 697 566 justificentur:
731 519 811 551 licet
841 518 991 551 fortassis
1015 519 1121 551 multa
1146 519 1180 551 in

51 582 114 614 hoc
147 583 317 616 curiositas
351 583 519 622 videatur,
558 591 669 615 tamen
704 580 944 614 convenienter
967 579 1079 612 dicere
1103 594 1182 625 pos-

50 657 178 684 sumus,
223 645 313 689 quod
357 643 413 688 qui
453 656 491 676 ex
531 644 597 676 fide
628 643 869 690 justificantur,
904 641 1002 674 initio
1039 655 1076 674 ex
1114 643 1181 675 fide

47 715 176 745 sumto,
201 718 262 750 per
285 704 565 750 adimpletionem
582 706 752 738 bonorum
776 716 920 749 operum
946 716 1181 736 consumman-

51 776 125 807 tur;
154 775 186 799 et
211 766 268 811 qui
292 779 353 811 per
375 767 478 800 fidem
502 766 741 812 justificantur,
776 779 794 799 a
818 764 916 798 bonis
942 765 1102 810 operibus
1127 779 1181 798 ex-

48 827 114 860 orsi
139 840 199 872 per
228 827 329 860 fidem
354 841 518 861 summam
543 828 788 873 perfectionem
813 826 992 871 accipiunt.
1005 839 1021 854 «
1082 826 1180 870 Quae

46 898 156 921 tamen
191 889 272 921 ferri
305 898 484 934 poterunt,
519 889 547 923 si
586 890 633 923 ita
668 889 914 932 intelligantur,
950 887 1182 933 justificationi

46 949 175 995 praeire
212 950 349 995 quidem
384 964 482 996 posse
520 964 622 996 opera
658 953 763 991 bona,
802 950 861 983 sed
896 962 967 982 non
1002 949 1181 995 ejusmodi,

47 1024 131 1056 quae
155 1013 196 1044 ad
220 1012 304 1045 hanc
323 1013 639 1058 apprehendendam
658 1014 832 1047 conferant
849 1011 1044 1057 quicquam3
1070 1011 1183 1056 qualia

46 1082 122 1106 sunt
147 1086 250 1118 opera
273 1074 349 1114 illa,
381 1087 465 1119 quae
497 1074 569 1117 lege
594 1076 738 1108 naturali
763 1075 922 1107 suadente
949 1073 1182 1118 perficiuntur.

139 1134 253 1177 Pergit
287 1137 464 1169 ostendere
487 1136 664 1170 Jansenius
697 1136 797 1169 Tom.
824 1137 847 1168 l.
880 1135 938 1168 lib.
963 1134 995 1170 6.
1020 1148 1091 1179 cap.
1118 1135 1182 1174 14„

50 1209 167 1240 pamm
193 1209 268 1229 sana
293 1197 395 1230 fuisse
420 1197 574 1239 Origenis
601 1198 641 1230 de
668 1197 741 1238 lege
765 1195 874 1229 Mosis
898 1195 1037 1240 placita,
1062 1206 1099 1228 ut
1123 1195 1181 1240 qui

50 1271 111 1301 per
142 1271 215 1291 eam
246 1268 423 1303 peccatum
454 1258 554 1291 fuisse
585 1257 803 1291 imminutum
835 1270 872 1290 ac
895 1257 1086 1290 restrictum
1113 1271 1184 1290 cre-

49 1318 189 1358 diderit,
222 1329 338 1352 contra
368 1318 434 1351 hoc
463 1319 620 1364 Apostoli
653 1319 927 1364 pronuntiatum:
958 1320 1050 1351 »Lex
1067 1321 1100 1363 ³)
1125 1333 1182 1357 au-

50 1390 117 1412 tem
143 1380 351 1420 subintravit,
377 1390 413 1412 ut
437 1381 621 1413 abundaret
645 1381 851 1413 delictum:«
879 1389 979 1425 atque
1004 1381 1086 1413 haec
1110 1383 1180 1425 pla-

48 1443 112 1473 cita
135 1441 262 1484 Pelagii
295 1451 328 1474 et
351 1442 477 1476 Juliani
510 1442 683 1474 doctrinae
708 1441 824 1474 scribit
848 1454 918 1474 esse
948 1452 1181 1482 consentanea,

48 1503 79 1535 in
105 1502 211 1548 iisque
236 1503 337 1536 fixisse
362 1504 403 1536 ab
429 1503 615 1545 Augustino
640 1503 816 1548 profligata
834 1513 866 1536 et
891 1505 1056 1538 confossa.
1104 1506 1180 1537 Non

48 1577 108 1606 ego
132 1577 209 1596 sane
233 1577 338 1609 usque
362 1565 447 1597 adeo
473 1564 629 1607 Origenis
654 1577 787 1597 caussae
812 1566 927 1605 faveo,
959 1575 997 1598 ut
1020 1567 1181 1599 naturalis

51 1626 130 1668 legis
147 1626 232 1659 vires
250 1636 384 1671 praeter
399 1639 543 1671 aequum
560 1627 768 1671 praedicatas
786 1628 827 1659 ab
849 1640 890 1659 eo
916 1627 1018 1660 fuisse
1044 1641 1182 1670 negem;

49 1699 86 1719 ac
113 1687 186 1720 illas
211 1687 327 1720 itidem
354 1687 524 1720 Mosaicae
550 1688 648 1730 legis,
674 1702 754 1733 quas
778 1689 821 1722 ita
847 1690 976 1729 extulit,
1001 1703 1038 1722 ac
1062 1690 1090 1722 si
1113 1703 1181 1722 non

49 1758 224 1792 peccatum
249 1750 407 1781 duntaxat
430 1749 645 1793 prohibuerit
670 1763 705 1782 ea
731 1750 802 1792 lex,
836 1751 895 1783 sed
919 1751 1055 1792 gratiam
1081 1751 1181 1783 etiam

49 1809 240 1843 horninibus
264 1811 306 1842 ad
330 1810 532 1843 vincendum
559 1810 646 1843 illud
672 1811 874 1853 contulerit;
898 1825 936 1845 ac
952 1813 978 1844 si
1003 1825 1065 1857 per
1088 1813 1181 1844 illam

49 1882 117 1902 non
143 1871 288 1913 cognitio
314 1871 425 1904 solum
449 1872 598 1917 peccati,
623 1873 681 1904 sed
708 1872 807 1905 etiam
832 1873 960 1906 sanatio
987 1873 1183 1915 contigeriu

46 1944 84 1963 ac
108 1930 135 1963 si
163 1945 232 1964 non
263 1933 304 1965 ad
328 1932 441 1977 priora
465 1943 682 1977 peccatorum
707 1947 846 1976 genera,
883 1947 966 1979 quae
991 1947 1181 1978 praecesse-

49 2001 121 2024 rant
147 1992 272 2035 legem,
298 1994 538 2038 praevaricatio
565 2004 737 2039 praeterea
761 1996 948 2035 accesserit,
977 2009 1060 2040 quae
1086 2009 1179 2040 prae-

50 2053 209 2086 varicatio
234 2052 297 2086 nisi
320 2055 391 2096 lege
418 2056 480 2088 lata
507 2068 576 2089 esse
601 2070 668 2089 non
694 2067 825 2101 potest;
862 2070 899 2089 ac
931 2057 956 2090 si
982 2071 1049 2090 non
1074 2058 1180 2090 niten-

75 2243 83 2249 ·
139 2198 178 2250 .¹)
202 2198 265 2232 Ed.
292 2199 416 2250 R·uaei:
446 2213 555 2245 »opus
579 2202 658 2234 fidei
684 2212 715 2234 et
740 2202 905 2249 justitiae,
937 2213 969 2236 et
993 2204 1095 2236 totius
1121 2206 1179 2236 bo-

51 2251 164 2276 nitatis
189 2255 358 2287 operar1.«

86 2346 88 2350 .
133 2299 167 2343 ²)
191 2298 279 2331 Edd.
305 2300 438 2333 Huetii:
469 2300 568 2334 »in.«
657 2303 690 2347 ³)
717 2304 818 2337 Rom.
842 2304 881 2346 V,
906 2303 960 2339 20.

41 2359 216 2393 Ommzms
237 2360 375 2395 OPERA.
401 2361 497 2395 Tom.
511 2362 643 2396 XXIII.
960 2364 980 2398 5
