1403 2492
375 78 688 112 offic-‚mmmmm
711 74 827 108 Lmen
850 72 891 105 11.
1126 67 1191 103 125

66 168 137 201 lum
161 168 364 208 futurorum,
387 166 506 200 itidem
529 174 568 198 ut
591 163 813 209 Synesius,¹)
843 176 913 197 non
945 176 1076 198 causam
1100 168 1195 202 astris

66 230 291 274 adscripserit,
314 230 428 263 illaesa
451 227 580 261 arbitrii
603 226 774 265 libertate,
806 239 846 258 eo
878 225 987 260 minus
1013 227 1112 261 etiam
1139 230 1197 263 de-

68 291 167 324 cretis
191 292 350 325 ecclesiae
375 292 567 323 adversatur
589 288 681 320 illius
707 287 843 332 opinio,
878 302 977 333 quam
1006 303 1152 324 manasse
1179 306 1196 325 e

66 353 323 386 Platonicorum
356 351 480 386 scholis
513 350 590 384 satis
625 358 766 394 apparet
802 362 839 381 ex
874 349 1003 384 Plotini
1037 353 1121 386 Eun.
1154 355 1202 392 Il.

69 414 127 446 lib.
154 415 177 447 l.
203 428 274 459 cap.
302 416 330 450 1.
363 424 396 447 et
425 414 474 454 7.‚
507 421 538 445 et
570 412 655 445 Eun.
682 411 740 444 Ill.
772 410 829 443 lib.
859 411 885 446 1.
919 425 988 456 cap.
1014 412 1063 454 6.,
1097 429 1198 460 quem

67 485 198 508 secutus
225 485 273 509 est
298 475 489 509 Macrobius
512 474 588 506 libr.
614 474 643 508 1.
670 473 704 505 in
729 473 847 506 Somn.
874 473 966 518 Scip.
989 488 1060 520 cap.
1087 479 1116 510 1.

159 538 244 571 Cum
269 537 303 570 in
329 551 369 570 eo
393 546 516 576 autern,
541 536 632 580 quod
658 535 816 574 diximus,
839 536 1038 578 fragmento,
1064 548 1096 571 et
1120 539 1202 572 alibi

72 611 227 644 quoque,
266 612 396 632 causam
432 599 622 631 futurorum
660 597 823 629 sideribus
861 597 1056 642 neutiquam
1093 599 1202 633 inesse

71 673 191 702 magno
221 669 342 693 conatu
375 659 539 701 Origenes
568 658 778 703 probaverit,
817 659 926 691 miror
957 660 993 692 id
1025 661 1056 693 ei
1081 662 1202 704 dogma

70 722 239 754 affictum:
266 720 318 756 ὅτι
342 720 508 764 ποιητικὴ
533 723 606 754 ’τῶν
629 723 891 764 πραττομένων
915 720 934 764 ἦ
962 721 1201 768 ἀστρονομία,

71 784 164 828 quod
189 784 277 816 inter
299 782 364 815 alia
389 782 500 815 eidem
525 782 720 827 exprobrari
752 783 852 816 solita
888 784 1022 817 decimo
1048 785 1127 818 loco
1152 799 1203 818 re-

71 855 183 878 censet
213 857 402 889 anonymus
433 854 553 877 auctor
587 844 778 889 Apologiae
813 858 876 890 pro
911 845 1075 889 Origene,
1112 848 1204 892 apud

68 906 230 939 Photium
256 906 341 940 Cod.
369 906 443 941 117.

161 969 218 1001 Vl.
266 971 405 1001 Praeter
426 968 618 1013 superiora,
650 968 736 1001 illud
767 981 904 1014 quoque
936 969 1207 1014 reprehendendi

73 1043 169 1063 causa
194 1043 211 1062 e
236 1030 294 1063 lib.
321 1031 380 1063 IV.
413 1034 495 1074 περὶ
521 1030 663 1076 ἀρχῶν,
695 1044 788 1064 num.
814 1030 864 1065 16.
895 1030 1014 1064 recitat
1047 1032 1207 1065 Justinia-

73 1106 134 1125 nus
159 1092 199 1124 ad
225 1092 349 1125 calcem
376 1104 427 1137 ep.
453 1093 494 1125 ad
519 1095 676 1127 Menam:
717 1097 779 1132 Τίς
810 1095 900 1127 νοῦν
929 1094 1024 1138 ἔχων
1057 1092 1209 1138 ὁρίζεται

74 1152 231 1197 πρώτην,
256 1157 316 1187 καὶ
342 1155 531 1198 δευτέραν,
564 1158 624 1188 καὶ
656 1159 778 1199 τρίτην
803 1153 960 1200 ἡμέραν,
989 1155 1148 1201 ἑσπέραν
1172 1168 1210 1190 τε

75 1217 136 1249 καὶ
160 1214 302 1260 πρωΐαν
332 1216 445 1259 χωρὶς
476 1213 579 1256 ἡλίου
609 1220 820 1260 γεγονέναι,
857 1219 918 1250 καὶ
949 1214 1115 1260 σελήνης,
1148 1219 1210 1251 καὶ

79 1276 258 1321 dauhtar,-
285 1276 348 1309 Cui
363 1285 395 1308 et
413 1276 496 1308 illud
515 1286 626 1321 potest
644 1277 789 1322 adjungi,
817 1279 908 1322 quod
927 1277 1001 1311 libr.
1019 1279 1072 1310 VI.
1102 1288 1210 1311 contr.

79 1339 165 1372 Cels.
192 1337 314 1380 legitur
335 1351 428 1373 num.
455 1338 507 1372 50.
533 1339 600 1378 51.,
624 1339 698 1371 falli
723 1352 791 1378 eos,
817 1339 873 1383 qui
900 1352 977 1372 vera
997 1339 1128 1372 dierum
1154 1354 1210 1372 sex

76 1399 182 1445 spatia
206 1400 326 1432 Mosen
350 1399 384 1431 in
408 1399 526 1431 mundi
549 1401 713 1432 narranda
736 1399 907 1432 creatione
924 1400 1123 1442 significasse
1148 1415 1211 1446 pu—

75 1471 165 1494 tant:
190 1473 341 1506 quosque
370 1474 405 1493 se
436 1460 470 1493 in
495 1460 560 1493 suis
586 1461 627 1493 ad
653 1461 799 1493 Genesin
826 1461 1086 1494 Commentariis
1109 1463 1212 1495 resel-

77 1523 153 1556 lisse
177 1523 233 1557 ait.
282 1524 318 1555 ln
344 1535 412 1568 quo
438 1522 618 1555 Philonem
642 1532 774 1556 secutus
801 1532 859 1562 est,
885 1522 978 1569 cujus
1003 1524 1084 1556 haec
1109 1525 1211 1556 verba

78 1595 155 1619 sunt
178 1585 253 1618 libr.
279 1585 306 1618 Ι.
329 1584 480 1626 Allegor.
527 1581 668 1628 Εὕηθες
700 1583 799 1618 πάνυ
825 1583 863 1618 τὸ
890 1577 1030 1619 οἴεσθᾶι
1056 1587 1093 1624 ἓξ
1117 1583 1211 1628 ἡμέ-

80 1661 170 1694 ραις,
194 1645 214 1690 ἢ
239 1644 401 1681 καθόλου
421 1644 544 1691 χρόνῳ
569 1644 710 1691 κόσμον
733 1648 939 1692 γεγονέναι.
976 1648 1107 1691 Nempe
1131 1647 1213 1679 haec

78 1709 211 1754 tropice
235 1707 472 1749 intelligenda,
507 1707 770 1752 explicandaque
791 1709 946 1740 censebat
970 1707 1151 1749 Origenes,
1175 1716 1214 1738 ut

78 1771 141 1803 alia
164 1772 335 1815 pleraque,
360 1769 394 1801 in
419 1769 538 1813 quibus
562 1769 745 1810 allegorico
766 1769 876 1802 sensui
892 1768 1036 1802 nimium
1054 1768 1214 1808 tribuens,

82 1832 228 1864 nativum
265 1840 298 1863 et
333 1830 500 1862 literalem
531 1831 755 1863 subvertebat.
821 1830 889 1873 Qui
926 1829 1083 1874 quoniam
1119 1842 1216 1861 error

85 1906 182 1927 suum
205 1893 267 1926 sibi
292 1892 442 1938 postulat
467 1896 614 1933 e'xamen,
639 1893 779 1925 verbum
804 1906 871 1925 non
897 1892 1028 1925 addam,

182 2015 212 2059 ¹)
240 2014 307 2048 Csr.
333 2015 448 2061 Synes.
473 2016 548 2048 libr.
577 2017 619 2048 de
643 2015 828 2049 insomniis.
