1403 2492
393 76 708 110 Omonsmnonum
732 75 846 108 Lmen
872 73 912 108 Π.
1170 78 1214 114 19

75 165 215 200 siasticis
250 165 450 211 quibusdam
478 178 674 211 persuasum
709 164 810 199 fuisse
841 174 951 198 narrat
982 165 1209 213 Hieronymus

75 228 172 273 epist.
195 227 249 262 82.
274 228 316 260 ad
339 227 597 269 Marcellinum,
633 226 758 260 animas
788 226 872 259 olim
904 227 1055 261 conditas
1077 228 1113 261 in
1136 229 1209 262 the-

73 303 174 322 sauro
192 288 258 322 Dei
276 289 409 331 haberi3
434 301 532 333 quam
557 288 755 333 opinionem
773 289 815 320 ab
833 288 1035 331 origeniana
1052 290 1207 323 secernit.

74 352 153 396 Ipse
177 363 257 383 vero
283 350 358 384 libr.
384 351 413 385 1.
440 350 631 384 Commeat.
656 351 699 383 ad
719 349 842 395 Ephes.
866 349 902 382 in
923 364 999 395 cap.
1021 351 1050 386 1.
1075 364 1160 385 vers.
1174 351 1206 386 4.

74 422 107 446 et
137 413 168 447 5.
202 412 386 446 commenti
420 410 517 457 hujus
562 412 670 457 capita
702 421 735 445 et
767 412 1021 456 propugnacula
1053 422 1207 447 accurate

71 484 254 515 scrutatur,
290 484 324 507 et
346 474 381 507 in
406 486 538 506 comma
564 474 614 508 17-
647 473 765 519 capitis
790 473 961 519 ejusdcm,
1005 473 1207 518 ἐπίγνωσιν

71 536 177 576 inter,
209 545 241 569 et
264 537 403 581 γνῶσιν
426 535 513 567 illud
538 535 586 568 ait
608 535 767 569 interesse
791 534 1011 575 discriminis,
1039 536 1134 579 quod
1154 548 1208 568 re-

72 611 165 639 rum,
195 610 274 642 quas
298 610 470 641 nunquam
498 596 673 638 scivimus,
711 597 754 630 sit
783 599 935 643 γνῶσις,
968 609 1082 629 rerum
1112 610 1206 638 vero,

71 672 210 704 quarum
243 659 335 703 prius
367 658 466 691 obliti
499 659 737 699 recordamur,
767 659 981 705 ἐπίγνωσις,
1007 667 1206 704 propterea-

71 733 136 766 que
152 720 296 754 Paulum
315 720 470 765 Ephesiis
496 729 613 765 optare
637 719 794 765 spiritum
816 720 1033 753 revelationis
1057 720 1092 753 in
1116 721 1206 763 agni-

68 783 161 815 tione
184 781 269 822 Dei,
300 781 337 814 id
361 791 426 822 est,
459 782 499 816 ἐν
522 781 738 827 ἐπιγνώσει,
771 782 865 827 quod
888 781 982 827 prius
1006 781 1041 815 in
1065 782 1206 815 coelesti

67 844 135 877 vita
163 844 277 876 Deum
307 843 521 885 noverimus,
561 842 699 888 ejusque
732 843 774 875 de
811 842 916 876 coelis
947 843 983 876 in
1014 853 1119 877 terras
1141 844 1206 877 mi-

66 906 193 948 grando
218 905 337 945 obliti,
370 905 492 938 iterum
525 918 587 950 per
612 904 856 938 revelationem
881 917 1138 947 cognoscamus:
1172 914 1207 938 et

67 967 125 1002 lib.
150 967 181 1001 2.
206 967 391 999 eorundem
410 967 601 1000 Commeat.
627 966 661 999 in
671 967 794 1012 Ephes.
813 967 876 1007 Ill,
895 966 924 1001 1.
949 965 1016 1008 legi
1040 965 1087 999 ait
1110 966 1202 999 mul-

67 1029 108 1062 tis
131 1028 167 1062 in
191 1027 294 1068 locis,
325 1027 470 1060 Paulum
501 1027 630 1061 idcirco
662 1028 814 1061 vinctum
846 1027 930 1070 dici,
971 1028 1065 1073 quod
1094 1028 1206 1061 anima

67 1090 138 1137 ejus
161 1099 320 1135 tanquam
343 1089 379 1122 in
403 1103 554 1131 carcere,
587 1089 634 1122 sic
664 1089 699 1122 in
724 1102 870 1135 corpore
895 1089 1006 1123 clausa
1032 1099 1204 1123 teneatur:

67 1152 190 1186 deinde
215 1151 309 1184 addit
338 1151 405 1184 alio
437 1164 536 1184 sensu
565 1150 600 1183 id
630 1152 671 1183 ab
695 1151 776 1194 Jaliis
800 1150 927 1196 accipi,
962 1163 1085 1195 nempe
1110 1151 1204 1196 quod

65 1215 190 1248 Paulus
215 1226 254 1245 ex
279 1222 376 1245 utero
401 1213 516 1245 matris
540 1224 618 1245 suae
642 1213 684 1244 ad
703 1212 946 1244 convertendas
970 1221 1083 1254 gentes
1106 1225 1203 1257 prae-

67 1275 266 1314 destinatus,
290 1273 423 1306 vincula
445 1274 668 1318 postmodum
692 1274 798 1306 carnis
814 1273 1000 1318 acceperit:
1025 1273 1104 1306 etin
1121 1273 1201 1306 Phi-

67 1338 146 1371 lem.
171 1336 244 1376 23„
267 1335 328 1367 uhi
351 1335 542 1379 Epaphram
571 1333 850 1378 »concaptivum«
876 1347 974 1366 suum
992 1334 1118 1367 Paulus
1143 1348 1202 1380 ap-

65 1399 188 1444 pellat,
213 1397 247 1429 in
273 1397 377 1429 verbo
403 1395 624 1440 captivitatis,
647 1394 740 1441 juxta
761 1395 963 1435 nonnullos,
986 1396 1203 1430 reconditum

64 1459 193 1504 aliquid
222 1458 325 1490 latere
363 1457 447 1490 dicit
477 1457 725 1503 Hieronymus,
762 1457 874 1502 »quod
907 1457 997 1502 capti
1020 1458 1147 1503 pariter
1169 1470 1204 1493 et

63 1520 166 1555 vincti
198 1519 231 1552 in
261 1520 384 1552 vallem
416 1519 500 1551 hanc
532 1519 670 1552 adducti
700 1518 766 1552 sint
798 1518 1043 1565 lacrimarum.«
1103 1520 1200 1564 Quae

64 1597 141 1616 cum
163 1581 363 1626 interposita
386 1581 482 1613 nulla
507 1580 738 1613 confutatione
763 1580 817 1613 vel
842 1593 980 1614 censura
1002 1581 1201 1627 scripsisset,

61 1643 178 1678 Rufini
208 1642 439 1676 vexationibus
472 1651 506 1675 et
537 1642 683 1688 querelis
706 1651 898 1687 patuerunt.
951 1643 1079 1676 Verum
1101 1642 1200 1689 hujus

62 1705 210 1739 criminis
242 1703 454 1737 accusatione
490 1704 666 1737 absolvere
706 1716 778 1737 sese
811 1705 1132 1749 conatur,Apolog.
1166 1705 1197 1741 1.

61 1767 136 1800 adv.
170 1766 282 1799 Rufin.
316 1778 389 1811 cap.
419 1765 451 1799 5.
483 1774 516 1798 et
540 1765 589 1805 6.,
622 1765 781 1810 idemque
812 1765 846 1798 in
877 1764 1040 1799 Rufinum
1071 1767 1198 1800 crimen

63 1829 205 1860 obscure
235 1826 359 1869 regerit
382 1826 528 1871 Apolog‚
553 1826 629 1860 libr.
653 1825 686 1862 2.
711 1839 783 1871 cap.
808 1826 841 1861 2.
865 1836 899 1860 et
922 1827 974 1867 4.,
1005 1836 1038 1860 et
1062 1828 1138 1860 libr.
1164 1828 1196 1864 3.

64 1903 135 1934 cap.
159 1889 190 1923 3.
214 1898 247 1921 et
269 1888 301 1923 9.
349 1889 419 1922 Sed
443 1888 591 1921 notabile
617 1897 667 1921 est
690 1886 857 1933 imprimis
882 1888 975 1932 quod
998 1888 1045 1921 ait
1070 1902 1141 1934 cap.
1164 1889 1196 1924 6.

60 1951 207 1995 Apolog.
234 1949 282 1989 1.,
323 1950 499 1982 »Vinctam
531 1950 599 1982 dici
629 1949 776 1982 animam
808 1962 972 1994 corpore,
1009 1950 1120 1984 donec
1153 1951 1196 1984 ad

61 2011 232 2046 Christum
262 2011 393 2052 redcat,
426 2020 458 2044 et
490 2011 524 2043 in
548 2010 805 2044 resurrectionis
830 2010 937 2053 gloria
962 2012 1195 2057 corruptivum

61 2083 94 2106 et
116 2072 262 2105 mortale
293 2085 432 2116 corpus,
464 2072 722 2117 incorruptione
754 2081 786 2105 et
817 2072 1070 2106 immortalitate
1101 2087 1195 2107 com-

59 2143 185 2173 mutet,
217 2146 285 2165 non
317 2134 478 2166 absurdae
512 2134 752 2176 intelligentiae
783 2143 863 2167 οδω(
912 2136 1110 2181 Anonymus
1134 2135 1193 2168 ille

58 2197 147 2241 apud
172 2194 332 2228 photium
365 2194 451 2227 Cod.
477 2195 568 2236 117„
593 2195 650 2240 qui
675 2194 830 2237 Origenis
861 2196 1095 2229 defensionem
1122 2209 1192 2230 sus-

58 2257 168 2303 cepit,
203 2255 397 2301 Scripturae
434 2268 563 2298 sacrae,
599 2256 805 2303 Patrumque
838 2256 1008 2299 suffragiis
1042 2270 1191 2291 errorem

935 2319 988 2354 2*
