<?xml version="1.0" encoding="UTF-8"?>
<!DOCTYPE html PUBLIC "-//W3C//DTD XHTML 1.0 Transitional//EN"
    "http://www.w3.org/TR/xhtml1/DTD/xhtml1-transitional.dtd">
<html xmlns="http://www.w3.org/1999/xhtml" xml:lang="en" lang="en">
 <head>
  <title>
</title>
<meta http-equiv="Content-Type" content="text/html;charset=utf-8" />
  <meta name='ocr-system' content='tesseract 3.04.00' />
  <meta name='ocr-capabilities' content='ocr_page ocr_carea ocr_par ocr_line ocrx_word'/>
</head>
<body>
  <div class='ocr_page' id='page_1' title='image "./operaomniaquaegr23orig/operaomniaquaegr23orig_0016.png"; bbox 0 0 1403 2492; ppageno 0'>
   <div class='ocr_carea' id='block_1_1' title="bbox 157 43 958 82">
    <p class='ocr_par' dir='ltr' id='par_1_1' title="bbox 157 43 958 82">
     <span class='ocr_line' id='line_1_1' title="bbox 157 43 958 82; baseline 0.005 -4"><span class='ocrx_word' id='word_1_1' title='bbox 157 43 178 78; x_wconf 88' lang='grc'><strong>6</strong></span> <span class='ocrx_word' id='word_1_2' title='bbox 489 46 601 80; x_wconf 74' lang='lat' dir='ltr'>Pssrm</span> <span class='ocrx_word' id='word_1_3' title='bbox 627 46 799 80; x_wconf 64' lang='lat' dir='ltr'>mamus</span> <span class='ocrx_word' id='word_1_4' title='bbox 823 48 958 82; x_wconf 74' lang='lat' dir='ltr'>HoeTn</span> 
     </span>
    </p>
   </div>
   <div class='ocr_carea' id='block_1_2' title="bbox 150 135 1302 2289">
    <p class='ocr_par' dir='ltr' id='par_1_2' title="bbox 152 135 1302 1735">
     <span class='ocr_line' id='line_1_2' title="bbox 160 135 1301 183; baseline 0.005 -16"><span class='ocrx_word' id='word_1_5' title='bbox 160 144 271 180; x_wconf 81' lang='lat' dir='ltr'>partes</span> <span class='ocrx_word' id='word_1_6' title='bbox 295 135 382 176; x_wconf 84' lang='lat' dir='ltr'>Dei,</span> <span class='ocrx_word' id='word_1_7' title='bbox 418 137 477 168; x_wconf 88' lang='lat' dir='ltr'>sed</span> <span class='ocrx_word' id='word_1_8' title='bbox 512 137 613 170; x_wconf 80' lang='lat' dir='ltr'>factas</span> <span class='ocrx_word' id='word_1_9' title='bbox 637 150 653 169; x_wconf 93' lang='lat' dir='ltr'>a</span> <span class='ocrx_word' id='word_1_10' title='bbox 679 138 756 170; x_wconf 70' lang='lat' dir='ltr'>Deo</span> <span class='ocrx_word' id='word_1_11' title='bbox 783 152 937 183; x_wconf 73' lang='lat' dir='ltr'>peccasse</span> <span class='ocrx_word' id='word_1_12' title='bbox 964 152 981 171; x_wconf 81' lang='lat' dir='ltr'>a</span> <span class='ocrx_word' id='word_1_13' title='bbox 1007 139 1186 172; x_wconf 85' lang='lat' dir='ltr'>conditore</span> <span class='ocrx_word' id='word_1_14' title='bbox 1208 153 1301 173; x_wconf 72' lang='lat' dir='ltr'>rece-</span> 
     </span>
     <span class='ocr_line' id='line_1_3' title="bbox 160 197 1300 246; baseline 0.004 -16"><span class='ocrx_word' id='word_1_15' title='bbox 160 197 291 240; x_wconf 87' lang='lat' dir='ltr'>dendo;</span> <span class='ocrx_word' id='word_1_16' title='bbox 315 208 348 231; x_wconf 90' lang='lat' dir='ltr'>ct</span> <span class='ocrx_word' id='word_1_17' title='bbox 373 198 512 231; x_wconf 83' lang='lat' dir='ltr'>diversis</span> <span class='ocrx_word' id='word_1_18' title='bbox 535 200 766 244; x_wconf 68' lang='lat' dir='ltr'><strong>progressibus</strong></span> <span class='ocrx_word' id='word_1_19' title='bbox 792 213 854 245; x_wconf 88' lang='lat' dir='ltr'>pro</span> <span class='ocrx_word' id='word_1_20' title='bbox 869 201 1064 234; x_wconf 82' lang='lat' dir='ltr'>diversitate</span> <span class='ocrx_word' id='word_1_21' title='bbox 1080 211 1300 246; x_wconf 83' lang='lat' dir='ltr'>peccatorum</span> 
     </span>
     <span class='ocr_line' id='line_1_4' title="bbox 161 260 1300 309; baseline 0.005 -17"><span class='ocrx_word' id='word_1_22' title='bbox 161 272 178 292; x_wconf 84' lang='lat' dir='ltr'>a</span> <span class='ocrx_word' id='word_1_23' title='bbox 205 260 311 293; x_wconf 83' lang='lat' dir='ltr'>coelis</span> <span class='ocrx_word' id='word_1_24' title='bbox 340 274 446 306; x_wconf 90' lang='lat' dir='ltr'>usque</span> <span class='ocrx_word' id='word_1_25' title='bbox 478 262 520 294; x_wconf 86' lang='lat' dir='ltr'>ad</span> <span class='ocrx_word' id='word_1_26' title='bbox 553 271 673 302; x_wconf 83' lang='lat' dir='ltr'>terras,</span> <span class='ocrx_word' id='word_1_27' title='bbox 706 262 835 295; x_wconf 84' lang='lat' dir='ltr'>diversa</span> <span class='ocrx_word' id='word_1_28' title='bbox 861 276 1006 308; x_wconf 84' lang='lat' dir='ltr'>corpora</span> <span class='ocrx_word' id='word_1_29' title='bbox 1040 264 1133 309; x_wconf 85' lang='lat' dir='ltr'>quasi</span> <span class='ocrx_word' id='word_1_30' title='bbox 1167 264 1300 298; x_wconf 70' lang='lat' dir='ltr'>vincula</span> 
     </span>
     <span class='ocr_line' id='line_1_5' title="bbox 161 321 1300 370; baseline 0.005 -16"><span class='ocrx_word' id='word_1_31' title='bbox 161 321 332 355; x_wconf 84' lang='lat' dir='ltr'>meruisse.</span> <span class='ocrx_word' id='word_1_32' title='bbox 373 323 417 356; x_wconf 88' lang='lat' dir='ltr'>Et</span> <span class='ocrx_word' id='word_1_33' title='bbox 439 323 528 356; x_wconf 85' lang='lat' dir='ltr'>hunc</span> <span class='ocrx_word' id='word_1_34' title='bbox 553 337 624 357; x_wconf 82' lang='lat' dir='ltr'>esse</span> <span class='ocrx_word' id='word_1_35' title='bbox 649 325 825 365; x_wconf 89' lang='lat' dir='ltr'>mundum,</span> <span class='ocrx_word' id='word_1_36' title='bbox 851 338 992 370; x_wconf 78' lang='lat' dir='ltr'>eamque</span> <span class='ocrx_word' id='word_1_37' title='bbox 1011 339 1159 359; x_wconf 77' lang='lat' dir='ltr'>caussam</span> <span class='ocrx_word' id='word_1_38' title='bbox 1181 327 1300 360; x_wconf 84' lang='lat' dir='ltr'>mundi</span> 
     </span>
     <span class='ocr_line' id='line_1_6' title="bbox 161 384 1301 428; baseline 0.005 -12"><span class='ocrx_word' id='word_1_39' title='bbox 161 384 262 416; x_wconf 84' lang='lat' dir='ltr'>fuisse</span> <span class='ocrx_word' id='word_1_40' title='bbox 294 385 460 426; x_wconf 75' lang='lat' dir='ltr'>faciendi,</span> <span class='ocrx_word' id='word_1_41' title='bbox 494 399 562 419; x_wconf 87' lang='lat' dir='ltr'>non</span> <span class='ocrx_word' id='word_1_42' title='bbox 595 396 632 419; x_wconf 84' lang='lat' dir='ltr'>ut</span> <span class='ocrx_word' id='word_1_43' title='bbox 664 387 891 420; x_wconf 85' lang='lat' dir='ltr'>conderentur</span> <span class='ocrx_word' id='word_1_44' title='bbox 921 389 1030 428; x_wconf 89' lang='lat' dir='ltr'>bona,</span> <span class='ocrx_word' id='word_1_45' title='bbox 1066 389 1125 421; x_wconf 90' lang='lat' dir='ltr'>sed</span> <span class='ocrx_word' id='word_1_46' title='bbox 1151 398 1191 422; x_wconf 88' lang='lat' dir='ltr'>ut</span> <span class='ocrx_word' id='word_1_47' title='bbox 1213 390 1301 422; x_wconf 82' lang='lat' dir='ltr'>mala</span> 
     </span>
     <span class='ocr_line' id='line_1_7' title="bbox 163 446 1300 496; baseline 0.006 -19"><span class='ocrx_word' id='word_1_48' title='bbox 163 446 411 482; x_wconf 77' lang='lat' dir='ltr'>cohiberentur.</span> <span class='ocrx_word' id='word_1_49' title='bbox 460 449 549 482; x_wconf 83' lang='lat' dir='ltr'>Hinc</span> <span class='ocrx_word' id='word_1_50' title='bbox 565 449 729 491; x_wconf 79' lang='lat' dir='ltr'>Origenes</span> <span class='ocrx_word' id='word_1_51' title='bbox 746 449 819 496; x_wconf 86' lang='lat' dir='ltr'>jure</span> <span class='ocrx_word' id='word_1_52' title='bbox 835 450 1007 494; x_wconf 82' lang='lat' dir='ltr'>culpatur:</span> <span class='ocrx_word' id='word_1_53' title='bbox 1035 450 1066 483; x_wconf 90' lang='lat' dir='ltr'>in</span> <span class='ocrx_word' id='word_1_54' title='bbox 1085 451 1179 484; x_wconf 83' lang='lat' dir='ltr'>libris</span> <span class='ocrx_word' id='word_1_55' title='bbox 1199 452 1300 491; x_wconf 86' lang='lat' dir='ltr'>enim,</span> 
     </span>
     <span class='ocr_line' id='line_1_8' title="bbox 162 509 1302 558; baseline 0.005 -18"><span class='ocrx_word' id='word_1_56' title='bbox 162 520 245 552; x_wconf 85' lang='lat' dir='ltr'>quos</span> <span class='ocrx_word' id='word_1_57' title='bbox 270 509 419 554; x_wconf 84' lang='lat' dir='ltr'>appellat</span> <span class='ocrx_word' id='word_1_58' title='bbox 442 514 525 556; x_wconf 71' lang='grc' dir='ltr'>περὶ</span> <span class='ocrx_word' id='word_1_59' title='bbox 549 511 686 556; x_wconf 69' lang='grc' dir='ltr'>ἀρχῶν,</span> <span class='ocrx_word' id='word_1_60' title='bbox 712 511 747 544; x_wconf 86' lang='lat' dir='ltr'>id</span> <span class='ocrx_word' id='word_1_61' title='bbox 773 521 832 552; x_wconf 86' lang='lat' dir='ltr'>est,</span> <span class='ocrx_word' id='word_1_62' title='bbox 858 513 899 544; x_wconf 82' lang='lat' dir='ltr'>de</span> <span class='ocrx_word' id='word_1_63' title='bbox 924 512 1116 558; x_wconf 76' lang='lat' dir='ltr'>Principiis,</span> <span class='ocrx_word' id='word_1_64' title='bbox 1141 513 1206 545; x_wconf 81' lang='lat' dir='ltr'>boc</span> <span class='ocrx_word' id='word_1_65' title='bbox 1226 526 1302 546; x_wconf 85' lang='lat' dir='ltr'>sen-</span> 
     </span>
     <span class='ocr_line' id='line_1_9' title="bbox 161 569 1299 620; baseline 0.005 -18"><span class='ocrx_word' id='word_1_66' title='bbox 161 569 225 610; x_wconf 69' lang='lat' dir='ltr'>sit,</span> <span class='ocrx_word' id='word_1_67' title='bbox 254 572 320 604; x_wconf 75' lang='lat' dir='ltr'>lioc</span> <span class='ocrx_word' id='word_1_68' title='bbox 345 573 508 617; x_wconf 71' lang='lat' dir='ltr'>scripsit«</span> <span class='ocrx_word' id='word_1_69' title='bbox 566 574 730 616; x_wconf 81' lang='lat' dir='ltr'>Origenes</span> <span class='ocrx_word' id='word_1_70' title='bbox 761 574 863 617; x_wconf 85' lang='lat' dir='ltr'>igitur</span> <span class='ocrx_word' id='word_1_71' title='bbox 886 574 1031 615; x_wconf 82' lang='lat' dir='ltr'>animas,</span> <span class='ocrx_word' id='word_1_72' title='bbox 1065 588 1135 608; x_wconf 88' lang='lat' dir='ltr'>nou</span> <span class='ocrx_word' id='word_1_73' title='bbox 1159 575 1299 620; x_wconf 86' lang='lat' dir='ltr'>quidem</span> 
     </span>
     <span class='ocr_line' id='line_1_10' title="bbox 160 634 1302 676; baseline 0.006 -12"><span class='ocrx_word' id='word_1_74' title='bbox 160 641 271 676; x_wconf 88' lang='lat' dir='ltr'>partes</span> <span class='ocrx_word' id='word_1_75' title='bbox 295 634 381 675; x_wconf 74' lang='lat' dir='ltr'>Dei,</span> <span class='ocrx_word' id='word_1_76' title='bbox 413 636 472 668; x_wconf 89' lang='lat' dir='ltr'>sed</span> <span class='ocrx_word' id='word_1_77' title='bbox 504 637 607 668; x_wconf 81' lang='lat' dir='ltr'>factas</span> <span class='ocrx_word' id='word_1_78' title='bbox 631 649 648 669; x_wconf 81' lang='lat' dir='ltr'>a</span> <span class='ocrx_word' id='word_1_79' title='bbox 673 636 751 669; x_wconf 80' lang='lat' dir='ltr'>Deo</span> <span class='ocrx_word' id='word_1_80' title='bbox 786 649 856 670; x_wconf 83' lang='lat' dir='ltr'>esse</span> <span class='ocrx_word' id='word_1_81' title='bbox 880 635 1038 669; x_wconf 84' lang='lat' dir='ltr'>credidit.</span> <span class='ocrx_word' id='word_1_82' title='bbox 1093 637 1166 670; x_wconf 83' lang='lat' dir='ltr'>Nec</span> <span class='ocrx_word' id='word_1_83' title='bbox 1190 638 1302 672; x_wconf 80' lang='lat' dir='ltr'>minus</span> 
     </span>
     <span class='ocr_line' id='line_1_11' title="bbox 160 694 1299 745; baseline 0.006 -19"><span class='ocrx_word' id='word_1_84' title='bbox 160 694 225 727; x_wconf 88' lang='lat' dir='ltr'>hoc</span> <span class='ocrx_word' id='word_1_85' title='bbox 254 695 355 736; x_wconf 81' lang='lat' dir='ltr'>utile,</span> <span class='ocrx_word' id='word_1_86' title='bbox 393 699 485 742; x_wconf 87' lang='lat' dir='ltr'>qnod</span> <span class='ocrx_word' id='word_1_87' title='bbox 517 698 747 745; x_wconf 76' lang='lat' dir='ltr'>Hieronymus</span> <span class='ocrx_word' id='word_1_88' title='bbox 779 698 874 743; x_wconf 83' lang='lat' dir='ltr'>epist.</span> <span class='ocrx_word' id='word_1_89' title='bbox 898 698 954 733; x_wconf 79' lang='grc'>82.</span> <span class='ocrx_word' id='word_1_90' title='bbox 989 699 1029 731; x_wconf 84' lang='lat' dir='ltr'>ad</span> <span class='ocrx_word' id='word_1_91' title='bbox 1061 698 1299 733; x_wconf 81' lang='lat' dir='ltr'>Marcellinum</span> 
     </span>
     <span class='ocr_line' id='line_1_12' title="bbox 161 758 1300 804; baseline 0.006 -16"><span class='ocrx_word' id='word_1_92' title='bbox 161 765 193 788; x_wconf 90' lang='lat' dir='ltr'>et</span> <span class='ocrx_word' id='word_1_93' title='bbox 225 758 491 804; x_wconf 74' lang='lat' dir='ltr'>Anapsychiam‚</span> <span class='ocrx_word' id='word_1_94' title='bbox 522 773 713 802; x_wconf 77' lang='lat' dir='ltr'>germanam</span> <span class='ocrx_word' id='word_1_95' title='bbox 747 760 902 802; x_wconf 83' lang='lat' dir='ltr'>Origenis</span> <span class='ocrx_word' id='word_1_96' title='bbox 933 760 1132 795; x_wconf 76' lang='lat' dir='ltr'>sententiam</span> <span class='ocrx_word' id='word_1_97' title='bbox 1164 762 1205 793; x_wconf 82' lang='lat' dir='ltr'>ab</span> <span class='ocrx_word' id='word_1_98' title='bbox 1239 762 1300 795; x_wconf 78' lang='lat' dir='ltr'>hac</span> 
     </span>
     <span class='ocr_line' id='line_1_13' title="bbox 159 817 1302 870; baseline 0.006 -20"><span class='ocrx_word' id='word_1_99' title='bbox 159 817 223 862; x_wconf 87' lang='lat' dir='ltr'>ipsi</span> <span class='ocrx_word' id='word_1_100' title='bbox 247 820 357 852; x_wconf 78' lang='lat' dir='ltr'>afficta</span> <span class='ocrx_word' id='word_1_101' title='bbox 384 821 570 865; x_wconf 77' lang='lat' dir='ltr'>distinguit:</span> <span class='ocrx_word' id='word_1_102' title='bbox 600 823 732 867; x_wconf 88' lang='lat' dir='ltr'>»Super</span> <span class='ocrx_word' id='word_1_103' title='bbox 756 822 886 870; x_wconf 83' lang='lat' dir='ltr'>animae</span> <span class='ocrx_word' id='word_1_104' title='bbox 910 831 1028 861; x_wconf 50' lang='lat' dir='ltr'>statum</span> <span class='ocrx_word' id='word_1_105' title='bbox 1056 822 1184 868; x_wconf 85' lang='lat' dir='ltr'>inquit,</span> <span class='ocrx_word' id='word_1_106' title='bbox 1210 836 1302 857; x_wconf 82' lang='lat' dir='ltr'>»me-</span> 
     </span>
     <span class='ocr_line' id='line_1_14' title="bbox 158 880 1301 929; baseline 0.004 -16"><span class='ocrx_word' id='word_1_107' title='bbox 158 880 240 913; x_wconf 88' lang='lat' dir='ltr'>mini</span> <span class='ocrx_word' id='word_1_108' title='bbox 276 892 402 915; x_wconf 82' lang='lat' dir='ltr'>vestrae</span> <span class='ocrx_word' id='word_1_109' title='bbox 436 884 731 929; x_wconf 70' lang='lat' dir='ltr'>quaestiunculae,</span> <span class='ocrx_word' id='word_1_110' title='bbox 766 885 836 918; x_wconf 88' lang='lat' dir='ltr'>imo</span> <span class='ocrx_word' id='word_1_111' title='bbox 873 885 1017 917; x_wconf 80' lang='lat' dir='ltr'>maxime</span> <span class='ocrx_word' id='word_1_112' title='bbox 1057 885 1301 919; x_wconf 79' lang='lat' dir='ltr'>ecclesiasticae</span> 
     </span>
     <span class='ocr_line' id='line_1_15' title="bbox 159 944 1301 993; baseline 0.005 -19"><span class='ocrx_word' id='word_1_113' title='bbox 159 944 380 987; x_wconf 73' lang='lat' dir='ltr'>quaestionis:</span> <span class='ocrx_word' id='word_1_114' title='bbox 406 954 519 978; x_wconf 78' lang='lat' dir='ltr'>utrum</span> <span class='ocrx_word' id='word_1_115' title='bbox 547 947 637 991; x_wconf 86' lang='lat' dir='ltr'>lapsa</span> <span class='ocrx_word' id='word_1_116' title='bbox 663 948 704 980; x_wconf 88' lang='lat' dir='ltr'>de</span> <span class='ocrx_word' id='word_1_117' title='bbox 731 947 830 979; x_wconf 82' lang='lat' dir='ltr'>coelo</span> <span class='ocrx_word' id='word_1_118' title='bbox 855 947 915 986; x_wconf 91' lang='lat' dir='ltr'>sit,</span> <span class='ocrx_word' id='word_1_119' title='bbox 939 955 978 979; x_wconf 88' lang='lat' dir='ltr'>ut</span> <span class='ocrx_word' id='word_1_120' title='bbox 995 947 1200 993; x_wconf 73' lang='lat' dir='ltr'>Pythagoras</span> <span class='ocrx_word' id='word_1_121' title='bbox 1224 947 1301 992; x_wconf 80' lang='lat' dir='ltr'>phi-</span> 
     </span>
     <span class='ocr_line' id='line_1_16' title="bbox 158 1005 1299 1054; baseline 0.004 -17"><span class='ocrx_word' id='word_1_122' title='bbox 158 1005 342 1050; x_wconf 79' lang='lat' dir='ltr'>losophus,</span> <span class='ocrx_word' id='word_1_123' title='bbox 379 1021 563 1053; x_wconf 87' lang='lat' dir='ltr'>omnesque</span> <span class='ocrx_word' id='word_1_124' title='bbox 602 1009 769 1041; x_wconf 78' lang='lat' dir='ltr'>Platonici</span> <span class='ocrx_word' id='word_1_125' title='bbox 808 1018 841 1041; x_wconf 85' lang='lat' dir='ltr'>et</span> <span class='ocrx_word' id='word_1_126' title='bbox 880 1009 1044 1051; x_wconf 78' lang='lat' dir='ltr'>Origenes</span> <span class='ocrx_word' id='word_1_127' title='bbox 1081 1019 1218 1054; x_wconf 81' lang='lat' dir='ltr'>putant;</span> <span class='ocrx_word' id='word_1_128' title='bbox 1258 1022 1299 1042; x_wconf 85' lang='lat' dir='ltr'>an</span> 
     </span>
     <span class='ocr_line' id='line_1_17' title="bbox 157 1068 1301 1117; baseline 0.004 -17"><span class='ocrx_word' id='word_1_129' title='bbox 157 1080 174 1099; x_wconf 80' lang='lat' dir='ltr'>a</span> <span class='ocrx_word' id='word_1_130' title='bbox 195 1068 335 1113; x_wconf 83' lang='lat' dir='ltr'>propria</span> <span class='ocrx_word' id='word_1_131' title='bbox 355 1069 421 1102; x_wconf 91' lang='lat' dir='ltr'>Dei</span> <span class='ocrx_word' id='word_1_132' title='bbox 445 1071 641 1116; x_wconf 76' lang='lat' dir='ltr'>substantia,</span> <span class='ocrx_word' id='word_1_133' title='bbox 666 1082 703 1104; x_wconf 90' lang='lat' dir='ltr'>ut</span> <span class='ocrx_word' id='word_1_134' title='bbox 731 1071 850 1111; x_wconf 77' lang='lat' dir='ltr'>Stoici,</span> <span class='ocrx_word' id='word_1_135' title='bbox 875 1071 1104 1112; x_wconf 60' lang='lat' dir='ltr'>Blanicllaeus,</span> <span class='ocrx_word' id='word_1_136' title='bbox 1122 1081 1156 1104; x_wconf 87' lang='lat' dir='ltr'>et</span> <span class='ocrx_word' id='word_1_137' title='bbox 1179 1072 1301 1117; x_wconf 82' lang='lat' dir='ltr'>Hispa-</span> 
     </span>
     <span class='ocr_line' id='line_1_18' title="bbox 155 1128 1300 1178; baseline 0.003 -16"><span class='ocrx_word' id='word_1_138' title='bbox 155 1128 229 1162; x_wconf 85' lang='lat' dir='ltr'>niae</span> <span class='ocrx_word' id='word_1_139' title='bbox 262 1130 466 1164; x_wconf 78' lang='lat' dir='ltr'>Priscilliani</span> <span class='ocrx_word' id='word_1_140' title='bbox 497 1133 648 1166; x_wconf 73' lang='lat' dir='ltr'>lmen-ses</span> <span class='ocrx_word' id='word_1_141' title='bbox 680 1133 921 1177; x_wconf 80' lang='lat' dir='ltr'>suspicantur.«</span> <span class='ocrx_word' id='word_1_142' title='bbox 979 1133 1056 1165; x_wconf 84' lang='lat' dir='ltr'>Hoc</span> <span class='ocrx_word' id='word_1_143' title='bbox 1088 1133 1227 1178; x_wconf 88' lang='lat' dir='ltr'>quidem</span> <span class='ocrx_word' id='word_1_144' title='bbox 1253 1135 1300 1166; x_wconf 78' lang='lat' dir='ltr'>ob</span> 
     </span>
     <span class='ocr_line' id='line_1_19' title="bbox 156 1192 1299 1240; baseline 0.004 -17"><span class='ocrx_word' id='word_1_145' title='bbox 156 1192 277 1233; x_wconf 83' lang='lat' dir='ltr'>dogma</span> <span class='ocrx_word' id='word_1_146' title='bbox 304 1193 512 1227; x_wconf 83' lang='lat' dir='ltr'>Palaestinos</span> <span class='ocrx_word' id='word_1_147' title='bbox 530 1195 737 1238; x_wconf 76' lang='lat' dir='ltr'>origenistas</span> <span class='ocrx_word' id='word_1_148' title='bbox 762 1195 909 1240; x_wconf 86' lang='lat' dir='ltr'>pulsavit</span> <span class='ocrx_word' id='word_1_149' title='bbox 925 1195 1145 1235; x_wconf 76' lang='lat' dir='ltr'>Justinianus,</span> <span class='ocrx_word' id='word_1_150' title='bbox 1169 1195 1299 1228; x_wconf 85' lang='lat' dir='ltr'>idcirco</span> 
     </span>
     <span class='ocr_line' id='line_1_20' title="bbox 155 1255 1301 1302; baseline 0.004 -17"><span class='ocrx_word' id='word_1_151' title='bbox 155 1255 315 1294; x_wconf 80' lang='lat' dir='ltr'>fortasse,</span> <span class='ocrx_word' id='word_1_152' title='bbox 341 1257 435 1300; x_wconf 91' lang='lat' dir='ltr'>quod</span> <span class='ocrx_word' id='word_1_153' title='bbox 461 1257 608 1294; x_wconf 83' lang='lat' dir='ltr'>tributos</span> <span class='ocrx_word' id='word_1_154' title='bbox 634 1271 751 1290; x_wconf 89' lang='lat' dir='ltr'>omnes</span> <span class='ocrx_word' id='word_1_155' title='bbox 769 1257 909 1300; x_wconf 87' lang='lat' dir='ltr'>Origeni</span> <span class='ocrx_word' id='word_1_156' title='bbox 934 1270 1066 1290; x_wconf 83' lang='lat' dir='ltr'>errores</span> <span class='ocrx_word' id='word_1_157' title='bbox 1089 1258 1130 1290; x_wconf 87' lang='lat' dir='ltr'>ab</span> <span class='ocrx_word' id='word_1_158' title='bbox 1154 1257 1195 1290; x_wconf 81' lang='lat' dir='ltr'>iis</span> <span class='ocrx_word' id='word_1_159' title='bbox 1219 1270 1301 1302; x_wconf 88' lang='lat' dir='ltr'>pro—</span> 
     </span>
     <span class='ocr_line' id='line_1_21' title="bbox 156 1318 1298 1362; baseline 0.004 -14"><span class='ocrx_word' id='word_1_160' title='bbox 156 1325 323 1360; x_wconf 85' lang='lat' dir='ltr'>pugnatos</span> <span class='ocrx_word' id='word_1_161' title='bbox 354 1318 457 1349; x_wconf 85' lang='lat' dir='ltr'>fuisse</span> <span class='ocrx_word' id='word_1_162' title='bbox 490 1318 648 1362; x_wconf 77' lang='lat' dir='ltr'>opinatus</span> <span class='ocrx_word' id='word_1_163' title='bbox 682 1328 747 1351; x_wconf 90' lang='lat' dir='ltr'>est:</span> <span class='ocrx_word' id='word_1_164' title='bbox 785 1319 836 1351; x_wconf 85' lang='lat' dir='ltr'>sin</span> <span class='ocrx_word' id='word_1_165' title='bbox 869 1319 899 1350; x_wconf 87' lang='lat' dir='ltr'>ei</span> <span class='ocrx_word' id='word_1_166' title='bbox 925 1319 1147 1352; x_wconf 82' lang='lat' dir='ltr'>adhaeserunt</span> <span class='ocrx_word' id='word_1_167' title='bbox 1169 1332 1298 1360; x_wconf 78' lang='lat' dir='ltr'>revera,</span> 
     </span>
     <span class='ocr_line' id='line_1_22' title="bbox 154 1377 1298 1426; baseline 0.004 -17"><span class='ocrx_word' id='word_1_168' title='bbox 154 1377 295 1410; x_wconf 85' lang='lat' dir='ltr'>minime</span> <span class='ocrx_word' id='word_1_169' title='bbox 329 1391 407 1411; x_wconf 86' lang='lat' dir='ltr'>sane</span> <span class='ocrx_word' id='word_1_170' title='bbox 439 1389 644 1412; x_wconf 85' lang='lat' dir='ltr'>sectatorum</span> <span class='ocrx_word' id='word_1_171' title='bbox 669 1394 809 1414; x_wconf 84' lang='lat' dir='ltr'>suorum</span> <span class='ocrx_word' id='word_1_172' title='bbox 834 1381 983 1414; x_wconf 80' lang='lat' dir='ltr'>vesanias</span> <span class='ocrx_word' id='word_1_173' title='bbox 1009 1393 1125 1413; x_wconf 86' lang='lat' dir='ltr'>omues</span> <span class='ocrx_word' id='word_1_174' title='bbox 1148 1390 1298 1426; x_wconf 81' lang='lat' dir='ltr'>praesta—</span> 
     </span>
     <span class='ocr_line' id='line_1_23' title="bbox 155 1440 1297 1489; baseline 0.003 -17"><span class='ocrx_word' id='word_1_175' title='bbox 155 1440 206 1472; x_wconf 89' lang='lat' dir='ltr'>bit</span> <span class='ocrx_word' id='word_1_176' title='bbox 233 1440 460 1474; x_wconf 78' lang='lat' dir='ltr'>Adamantius.</span> <span class='ocrx_word' id='word_1_177' title='bbox 510 1441 616 1485; x_wconf 84' lang='lat' dir='ltr'>Quod</span> <span class='ocrx_word' id='word_1_178' title='bbox 641 1442 668 1475; x_wconf 90' lang='lat' dir='ltr'>si</span> <span class='ocrx_word' id='word_1_179' title='bbox 692 1452 806 1476; x_wconf 82' lang='lat' dir='ltr'>tamen</span> <span class='ocrx_word' id='word_1_180' title='bbox 825 1444 944 1488; x_wconf 82' lang='lat' dir='ltr'>culpae</span> <span class='ocrx_word' id='word_1_181' title='bbox 960 1442 1060 1489; x_wconf 81' lang='lat' dir='ltr'>hujus</span> <span class='ocrx_word' id='word_1_182' title='bbox 1075 1442 1194 1475; x_wconf 82' lang='lat' dir='ltr'>suisset</span> <span class='ocrx_word' id='word_1_183' title='bbox 1209 1455 1297 1483; x_wconf 77' lang='lat' dir='ltr'>reus,</span> 
     </span>
     <span class='ocr_line' id='line_1_24' title="bbox 155 1503 1296 1549; baseline 0.004 -15"><span class='ocrx_word' id='word_1_184' title='bbox 155 1503 435 1547; x_wconf 85' lang='lat' dir='ltr'>adstipulatorem</span> <span class='ocrx_word' id='word_1_185' title='bbox 468 1504 533 1548; x_wconf 89' lang='lat' dir='ltr'>ipsi</span> <span class='ocrx_word' id='word_1_186' title='bbox 567 1505 723 1537; x_wconf 83' lang='lat' dir='ltr'>daremus</span> <span class='ocrx_word' id='word_1_187' title='bbox 755 1505 1026 1544; x_wconf 77' lang='lat' dir='ltr'>Tertullianum,</span> <span class='ocrx_word' id='word_1_188' title='bbox 1064 1504 1121 1549; x_wconf 84' lang='lat' dir='ltr'>qui</span> <span class='ocrx_word' id='word_1_189' title='bbox 1160 1504 1237 1537; x_wconf 88' lang='lat' dir='ltr'>libr.</span> <span class='ocrx_word' id='word_1_190' title='bbox 1261 1505 1296 1539; x_wconf 68' lang='lat'>4.</span> 
     </span>
     <span class='ocr_line' id='line_1_25' title="bbox 153 1562 1297 1611; baseline 0.003 -15"><span class='ocrx_word' id='word_1_191' title='bbox 153 1565 228 1596; x_wconf 86' lang='lat' dir='ltr'>adv.</span> <span class='ocrx_word' id='word_1_192' title='bbox 255 1564 486 1606; x_wconf 82' lang='lat' dir='ltr'>Marcionem,</span> <span class='ocrx_word' id='word_1_193' title='bbox 514 1579 585 1611; x_wconf 87' lang='lat' dir='ltr'>cap.</span> <span class='ocrx_word' id='word_1_194' title='bbox 601 1566 654 1600; x_wconf 79' lang='lat'>38.</span> <span class='ocrx_word' id='word_1_195' title='bbox 681 1566 728 1599; x_wconf 85' lang='lat' dir='ltr'>sic</span> <span class='ocrx_word' id='word_1_196' title='bbox 754 1567 818 1599; x_wconf 85' lang='lat' dir='ltr'>ait:</span> <span class='ocrx_word' id='word_1_197' title='bbox 842 1566 1047 1599; x_wconf 76' lang='lat' dir='ltr'>»Hominem</span> <span class='ocrx_word' id='word_1_198' title='bbox 1073 1562 1176 1608; x_wconf 81' lang='lat' dir='ltr'>igitur</span> <span class='ocrx_word' id='word_1_199' title='bbox 1198 1566 1297 1599; x_wconf 85' lang='lat' dir='ltr'>reddi</span> 
     </span>
     <span class='ocr_line' id='line_1_26' title="bbox 152 1626 1297 1674; baseline 0.003 -16"><span class='ocrx_word' id='word_1_200' title='bbox 152 1626 247 1672; x_wconf 87' lang='lat' dir='ltr'>jubet</span> <span class='ocrx_word' id='word_1_201' title='bbox 279 1627 442 1668; x_wconf 84' lang='lat' dir='ltr'>creatori,</span> <span class='ocrx_word' id='word_1_202' title='bbox 478 1628 513 1660; x_wconf 85' lang='lat' dir='ltr'>in</span> <span class='ocrx_word' id='word_1_203' title='bbox 546 1627 639 1674; x_wconf 83' lang='lat' dir='ltr'>cujus</span> <span class='ocrx_word' id='word_1_204' title='bbox 666 1628 811 1671; x_wconf 81' lang='lat' dir='ltr'>imagine</span> <span class='ocrx_word' id='word_1_205' title='bbox 843 1638 876 1661; x_wconf 89' lang='lat' dir='ltr'>et</span> <span class='ocrx_word' id='word_1_206' title='bbox 899 1628 1141 1668; x_wconf 85' lang='lat' dir='ltr'>similitudine,</span> <span class='ocrx_word' id='word_1_207' title='bbox 1177 1637 1211 1661; x_wconf 88' lang='lat' dir='ltr'>et</span> <span class='ocrx_word' id='word_1_208' title='bbox 1233 1640 1297 1660; x_wconf 90' lang='lat' dir='ltr'>no-</span> 
     </span>
     <span class='ocr_line' id='line_1_27' title="bbox 152 1689 789 1735; baseline 0.003 -14"><span class='ocrx_word' id='word_1_209' title='bbox 152 1689 262 1729; x_wconf 88' lang='lat' dir='ltr'>mine,</span> <span class='ocrx_word' id='word_1_210' title='bbox 287 1699 321 1721; x_wconf 90' lang='lat' dir='ltr'>et</span> <span class='ocrx_word' id='word_1_211' title='bbox 344 1690 483 1722; x_wconf 85' lang='lat' dir='ltr'>materia</span> <span class='ocrx_word' id='word_1_212' title='bbox 511 1703 684 1735; x_wconf 77' lang='lat' dir='ltr'>expressus</span> <span class='ocrx_word' id='word_1_213' title='bbox 710 1700 789 1723; x_wconf 61' lang='lat' dir='ltr'>cst«</span> 
     </span>
    </p>

    <p class='ocr_par' dir='ltr' id='par_1_3' title="bbox 150 1750 1296 2289">
     <span class='ocr_line' id='line_1_28' title="bbox 221 1750 1295 1794; baseline -0.001 -10"><span class='ocrx_word' id='word_1_214' title='bbox 221 1752 278 1786; x_wconf 82' lang='lat' dir='ltr'>lV.</span> <span class='ocrx_word' id='word_1_215' title='bbox 319 1752 529 1786; x_wconf 87' lang='lat' dir='ltr'>Certioribus</span> <span class='ocrx_word' id='word_1_216' title='bbox 545 1753 709 1794; x_wconf 86' lang='lat' dir='ltr'>Origenes</span> <span class='ocrx_word' id='word_1_217' title='bbox 727 1762 768 1785; x_wconf 87' lang='lat' dir='ltr'>et·</span> <span class='ocrx_word' id='word_1_218' title='bbox 784 1751 1071 1784; x_wconf 79' lang='lat' dir='ltr'>manifestioribus</span> <span class='ocrx_word' id='word_1_219' title='bbox 1095 1750 1295 1784; x_wconf 75' lang='lat' dir='ltr'>sententiam</span> 
     </span>
     <span class='ocr_line' id='line_1_29' title="bbox 152 1812 1296 1859; baseline 0.002 -16"><span class='ocrx_word' id='word_1_220' title='bbox 152 1812 236 1844; x_wconf 83' lang='lat' dir='ltr'>hanc</span> <span class='ocrx_word' id='word_1_221' title='bbox 269 1813 411 1855; x_wconf 85' lang='lat' dir='ltr'>signavit</span> <span class='ocrx_word' id='word_1_222' title='bbox 442 1815 690 1857; x_wconf 76' lang='lat' dir='ltr'>monumentis,</span> <span class='ocrx_word' id='word_1_223' title='bbox 731 1828 816 1859; x_wconf 83' lang='lat' dir='ltr'>quae</span> <span class='ocrx_word' id='word_1_224' title='bbox 848 1814 975 1847; x_wconf 81' lang='lat' dir='ltr'>animas</span> <span class='ocrx_word' id='word_1_225' title='bbox 1006 1822 1082 1846; x_wconf 85' lang='lat' dir='ltr'>ante</span> <span class='ocrx_word' id='word_1_226' title='bbox 1109 1825 1255 1857; x_wconf 82' lang='lat' dir='ltr'>corpora</span> <span class='ocrx_word' id='word_1_227' title='bbox 1277 1825 1296 1845; x_wconf 81' lang='lat' dir='ltr'>a</span> 
     </span>
     <span class='ocr_line' id='line_1_30' title="bbox 153 1874 1296 1921; baseline 0.001 -15"><span class='ocrx_word' id='word_1_228' title='bbox 153 1875 229 1907; x_wconf 89' lang='lat' dir='ltr'>Deo</span> <span class='ocrx_word' id='word_1_229' title='bbox 257 1876 427 1916; x_wconf 83' lang='lat' dir='ltr'>conditas,</span> <span class='ocrx_word' id='word_1_230' title='bbox 463 1877 497 1909; x_wconf 89' lang='lat' dir='ltr'>in</span> <span class='ocrx_word' id='word_1_231' title='bbox 531 1890 637 1920; x_wconf 85' lang='lat' dir='ltr'>eaque</span> <span class='ocrx_word' id='word_1_232' title='bbox 669 1877 716 1909; x_wconf 91' lang='lat' dir='ltr'>sic</span> <span class='ocrx_word' id='word_1_233' title='bbox 739 1886 899 1921; x_wconf 83' lang='lat' dir='ltr'>tauquam</span> <span class='ocrx_word' id='word_1_234' title='bbox 924 1877 959 1908; x_wconf 89' lang='lat' dir='ltr'>in</span> <span class='ocrx_word' id='word_1_235' title='bbox 984 1876 1146 1917; x_wconf 78' lang='lat' dir='ltr'>ergastula</span> <span class='ocrx_word' id='word_1_236' title='bbox 1171 1874 1296 1907; x_wconf 86' lang='lat' dir='ltr'>demis-</span> 
     </span>
     <span class='ocr_line' id='line_1_31' title="bbox 151 1937 1295 1983; baseline 0.001 -15"><span class='ocrx_word' id='word_1_237' title='bbox 151 1949 200 1968; x_wconf 86' lang='lat' dir='ltr'>sas</span> <span class='ocrx_word' id='word_1_238' title='bbox 225 1946 288 1980; x_wconf 86' lang='lat' dir='ltr'>pro</span> <span class='ocrx_word' id='word_1_239' title='bbox 314 1939 462 1981; x_wconf 80' lang='lat' dir='ltr'>peccatis</span> <span class='ocrx_word' id='word_1_240' title='bbox 495 1939 655 1971; x_wconf 83' lang='lat' dir='ltr'>decernit.</span> <span class='ocrx_word' id='word_1_241' title='bbox 711 1940 822 1983; x_wconf 88' lang='lat' dir='ltr'>Atque</span> <span class='ocrx_word' id='word_1_242' title='bbox 854 1938 936 1970; x_wconf 80' lang='lat' dir='ltr'>haec</span> <span class='ocrx_word' id='word_1_243' title='bbox 962 1937 1060 1971; x_wconf 85' lang='lat' dir='ltr'>alteri</span> <span class='ocrx_word' id='word_1_244' title='bbox 1091 1938 1134 1969; x_wconf 85' lang='lat' dir='ltr'>de</span> <span class='ocrx_word' id='word_1_245' title='bbox 1158 1937 1295 1979; x_wconf 80' lang='lat' dir='ltr'>angelo·</span> 
     </span>
     <span class='ocr_line' id='line_1_32' title="bbox 152 1998 1294 2044; baseline 0.001 -15"><span class='ocrx_word' id='word_1_246' title='bbox 152 2011 226 2030; x_wconf 89' lang='lat' dir='ltr'>rum</span> <span class='ocrx_word' id='word_1_247' title='bbox 252 1998 382 2031; x_wconf 85' lang='lat' dir='ltr'>meritis</span> <span class='ocrx_word' id='word_1_248' title='bbox 409 2009 441 2032; x_wconf 92' lang='lat' dir='ltr'>et</span> <span class='ocrx_word' id='word_1_249' title='bbox 466 2000 796 2032; x_wconf 86' lang='lat' dir='ltr'>remunerationibus</span> <span class='ocrx_word' id='word_1_250' title='bbox 821 2013 858 2032; x_wconf 83' lang='lat' dir='ltr'>ac</span> <span class='ocrx_word' id='word_1_251' title='bbox 878 1999 997 2044; x_wconf 91' lang='lat' dir='ltr'>poenis</span> <span class='ocrx_word' id='word_1_252' title='bbox 1015 1999 1169 2043; x_wconf 88' lang='lat' dir='ltr'>superius</span> <span class='ocrx_word' id='word_1_253' title='bbox 1191 2011 1294 2042; x_wconf 84' lang='lat' dir='ltr'>expo-</span> 
     </span>
     <span class='ocr_line' id='line_1_33' title="bbox 150 2059 1292 2105; baseline -0.001 -13"><span class='ocrx_word' id='word_1_254' title='bbox 150 2061 230 2093; x_wconf 89' lang='lat' dir='ltr'>sitae</span> <span class='ocrx_word' id='word_1_255' title='bbox 257 2073 405 2092; x_wconf 81' lang='lat' dir='ltr'>connexa</span> <span class='ocrx_word' id='word_1_256' title='bbox 431 2070 489 2094; x_wconf 87' lang='lat' dir='ltr'>est.</span> <span class='ocrx_word' id='word_1_257' title='bbox 538 2063 681 2094; x_wconf 84' lang='lat' dir='ltr'>Naturas</span> <span class='ocrx_word' id='word_1_258' title='bbox 699 2062 788 2093; x_wconf 83' lang='lat' dir='ltr'>enim</span> <span class='ocrx_word' id='word_1_259' title='bbox 815 2074 931 2093; x_wconf 90' lang='lat' dir='ltr'>omnes</span> <span class='ocrx_word' id='word_1_260' title='bbox 957 2061 1088 2093; x_wconf 87' lang='lat' dir='ltr'>ratione</span> <span class='ocrx_word' id='word_1_261' title='bbox 1113 2059 1292 2105; x_wconf 72' lang='lat' dir='ltr'>praeditas,</span> 
     </span>
     <span class='ocr_line' id='line_1_34' title="bbox 152 2122 1293 2167; baseline -0.002 -12"><span class='ocrx_word' id='word_1_262' title='bbox 152 2123 216 2155; x_wconf 85' lang='lat' dir='ltr'>hoc</span> <span class='ocrx_word' id='word_1_263' title='bbox 243 2133 308 2163; x_wconf 88' lang='lat' dir='ltr'>est,</span> <span class='ocrx_word' id='word_1_264' title='bbox 337 2127 509 2156; x_wconf 68' lang='lat' dir='ltr'>mentes‘a</span> <span class='ocrx_word' id='word_1_265' title='bbox 533 2123 610 2155; x_wconf 88' lang='lat' dir='ltr'>Deo</span> <span class='ocrx_word' id='word_1_266' title='bbox 637 2133 711 2155; x_wconf 90' lang='lat' dir='ltr'>ante</span> <span class='ocrx_word' id='word_1_267' title='bbox 736 2124 853 2156; x_wconf 86' lang='lat' dir='ltr'>mundi</span> <span class='ocrx_word' id='word_1_268' title='bbox 889 2122 1065 2167; x_wconf 76' lang='lat' dir='ltr'>opificium</span> <span class='ocrx_word' id='word_1_269' title='bbox 1089 2131 1293 2166; x_wconf 82' lang='lat' dir='ltr'>procreatas,</span> 
     </span>
     <span class='ocr_line' id='line_1_35' title="bbox 151 2183 1291 2230; baseline -0.002 -13"><span class='ocrx_word' id='word_1_270' title='bbox 151 2185 328 2230; x_wconf 77' lang='lat' dir='ltr'>liberoque</span> <span class='ocrx_word' id='word_1_271' title='bbox 353 2185 531 2221; x_wconf 79' lang='lat' dir='ltr'>instructas</span> <span class='ocrx_word' id='word_1_272' title='bbox 555 2185 693 2219; x_wconf 83' lang='lat' dir='ltr'>arbitrio</span> <span class='ocrx_word' id='word_1_273' title='bbox 720 2186 821 2220; x_wconf 80' lang='lat' dir='ltr'>fuisse</span> <span class='ocrx_word' id='word_1_274' title='bbox 848 2185 996 2230; x_wconf 73' lang='lat' dir='ltr'>putavit3</span> <span class='ocrx_word' id='word_1_275' title='bbox 1033 2197 1098 2230; x_wconf 86' lang='lat' dir='ltr'>qua</span> <span class='ocrx_word' id='word_1_276' title='bbox 1122 2193 1212 2216; x_wconf 86' lang='lat' dir='ltr'>recte</span> <span class='ocrx_word' id='word_1_277' title='bbox 1240 2183 1291 2216; x_wconf 84' lang='lat' dir='ltr'>vel</span> 
     </span>
     <span class='ocr_line' id='line_1_36' title="bbox 150 2245 1291 2289; baseline -0.003 -9"><span class='ocrx_word' id='word_1_278' title='bbox 150 2248 237 2280; x_wconf 86' lang='lat' dir='ltr'>male</span> <span class='ocrx_word' id='word_1_279' title='bbox 262 2247 380 2289; x_wconf 81' lang='lat' dir='ltr'>agendi</span> <span class='ocrx_word' id='word_1_280' title='bbox 407 2248 565 2280; x_wconf 83' lang='lat' dir='ltr'>facultate</span> <span class='ocrx_word' id='word_1_281' title='bbox 592 2248 730 2282; x_wconf 86' lang='lat' dir='ltr'>diversis</span> <span class='ocrx_word' id='word_1_282' title='bbox 751 2257 883 2281; x_wconf 83' lang='lat' dir='ltr'>utentes</span> <span class='ocrx_word' id='word_1_283' title='bbox 900 2247 1022 2287; x_wconf 86' lang='lat' dir='ltr'>modis,</span> <span class='ocrx_word' id='word_1_284' title='bbox 1047 2245 1198 2278; x_wconf 72' lang='lat' dir='ltr'>diversos</span> <span class='ocrx_word' id='word_1_285' title='bbox 1214 2245 1291 2278; x_wconf 83' lang='lat' dir='ltr'>inde</span> 
     </span>
    </p>
   </div>
   <div class='ocr_carea' id='block_1_3' title="bbox 1151 2340 1163 2350">
    <p class='ocr_par' dir='ltr' id='par_1_4' title="bbox 1151 2340 1163 2350">
     <span class='ocr_line' id='line_1_37' title="bbox 1151 2340 1163 2350; baseline 0 0"><span class='ocrx_word' id='word_1_286' title='bbox 1151 2340 1163 2350; x_wconf 71' lang='lat' dir='ltr'><em>A</em></span> 
     </span>
    </p>
   </div>
  </div>
 </body>
</html>
