1403 2492
160 58 206 94 22
492 60 606 95 Pz‘rm
638 61 811 94 Dmunms
835 59 969 93 Humu

169 149 300 190 »ll-aec,
324 159 429 195 prout
452 151 643 196 potuimus,
675 152 716 185 de
740 149 934 184 rationabili
961 149 1070 183 anima
1093 149 1303 184 discutienda

165 211 270 254 magis
293 224 311 244 a
336 212 542 255 legentibus,
567 227 665 259 quam
691 222 814 247 statuta
839 226 876 245 ac
901 211 1039 244 definita
1062 212 1298 256 protulimus.u

166 274 278 318 Atque
309 275 390 308 haec
422 284 472 308 est
502 289 632 309 summa
663 274 869 309 defensionis
893 273 1072 319 Pamphili.
1127 273 1240 317 Quam
1266 282 1303 306 ut

165 335 309 368 validius
333 336 529 378 confirmet,
557 337 632 370 aliis
655 337 725 369 sere
750 336 791 368 de
816 337 915 369 rebus
939 344 1095 369 tractasse
1119 335 1303 378 Origenem

165 396 266 440 dicit;
291 398 332 430 de
356 398 484 440 anima,
507 408 627 444 utpote
652 398 799 431 incertae
824 397 984 440 originis,
1009 407 1041 430 et
1065 410 1186 442 parum
1211 411 1305 430 tom-

164 468 280 504 pertae
304 469 459 501 naturae,
490 461 574 494 nihil
598 459 780 505 scripsisse.
834 460 922 493 Tum
948 474 985 493 ex
1011 460 1098 492 libro
1123 459 1157 492 in
1181 473 1236 504 ep,
1260 459 1303 492 ad

165 520 282 554 Titum
307 521 473 557 illustrem
498 523 637 557 adducit
661 521 817 565 Origenis
843 522 976 561 locum,
1013 534 1080 566 quo
1107 521 1302 566 exemplum

166 595 286 617 eorum
310 585 466 625 afferens,
492 598 577 630 quae
594 584 802 630 Apostolicis
827 583 1066 617 traditionibus
1091 597 1303 629 nequaquam

165 644 406 688 determinata,
435 647 562 692 absque
587 646 763 680 haereseos
787 655 870 679 nota
899 655 1059 691 poterant.
1091 646 1144 678 vel
1176 645 1302 690 respui,

164 707 220 740 vel
246 708 398 749 admitti,
434 709 665 754 quaestionem
696 708 861 754 proponit
893 708 935 741 de
959 707 1087 741 anima:
1126 707 1234 742 »Cum
1260 708 1302 740 de

163 780 240 809 δεμ(
266 769 395 815 inquit,
430 783 560 816 »neque
586 771 679 816 quod
704 771 789 816 ex¹)
822 769 961 803 seminis
985 770 1124 804 traduce
1149 770 1304 810 ducatur,

161 843 274 876 neque
296 833 390 877 quod
415 832 660 873 honorabilior,
685 841 719 865 et
741 832 914 878 antiquior
937 845 1123 877 corporum
1141 844 1304 877 compage

162 892 223 934 sit,
245 894 424 928 tradiderit
447 895 674 928 ecclesiastica
697 895 855 937 regulam
890 907 1035 939 quorum
1067 893 1221 927 alterutri
1245 893 1304 939 qui

163 955 305 990 fuissent
335 956 477 996 assensi.
514 958 606 990 velut
630 956 727 990 novis
759 957 934 989 studentes
957 957 1057 989 rebus
1081 955 1114 989 in
1139 955 1303 1000 suspicio-

161 1029 240 1051 nem
273 1018 404 1052 venisse
439 1019 538 1052 dicit:
576 1028 610 1052 at
642 1032 700 1051 eos
730 1018 928 1051 temeritatis
962 1019 1116 1058 damnat,
1151 1018 1209 1062 qui
1242 1018 1304 1051 hac

163 1092 368 1125 quemquam
398 1081 441 1114 de
472 1094 585 1114 caussa
616 1090 812 1125 suspectum
843 1081 1015 1114 haberent.
1063 1080 1116 1113 Ad
1141 1079 1222 1112 baec
1246 1080 1304 1111 ad·-

162 1139 236 1186 jicit
249 1141 458 1187 Pamphilus,
480 1143 561 1176 alias
585 1143 627 1176 (Ie
652 1142 762 1175 anima
783 1141 962 1186 opiniones
981 1140 1184 1184 Origeniana
1202 1141 1303 1184 longe

162 1204 378 1238 absurdiores
401 1217 471 1238 esse
497 1214 530 1238 et
554 1203 755 1249 ineptiores:
780 1203 868 1237 inter
892 1216 973 1248 quas
997 1202 1112 1248 priore
1132 1215 1205 1236 eam
1223 1203 1302 1236 loco

160 1265 278 1310 ponit,
312 1280 397 1311 quae
423 1266 622 1300 Catholicae
653 1265 814 1299 ecclesiae
851 1265 1081 1299 sanctionibus
1115 1265 1217 1298 hodie
1251 1278 1304 1297 re-

163 1336 260 1371 cepta
286 1337 345 1361 est.
393 1328 498 1361 Addit
524 1327 667 1367 deinde,
693 1328 954 1373 haudquaquam
979 1328 1206 1360 damnandum
1231 1340 1302 1360 esse

162 1388 364 1431 Origencm,
396 1403 478 1422 cum.
505 1402 543 1422 ea
567 1388 766 1428 servaverit,
797 1401 884 1433 quac
908 1398 989 1421 tunc
1013 1401 1116 1433 super
1139 1401 1176 1421 ea
1202 1401 1304 1434 quae-

161 1449 270 1483 stione
294 1452 456 1485 scrvanda
478 1461 696 1496 praeceperat
710 1450 861 1490 ccclesia,
887 1450 1012 1483 animas
1037 1450 1197 1483 nimirum
1216 1450 1304 1495 ejus-

162 1512 239 1545 dem
254 1525 323 1546 esse
337 1514 550 1553 substantiae,
575 1512 795 1552 immortales,
819 1511 960 1545 rationis
977 1511 1170 1557 participes,
1192 1512 1301 1545 libero

160 1574 328 1620 praeditas
357 1575 518 1616 arbitrio,
553 1588 571 1608 a
595 1575 672 1608 Deo
706 1574 868 1607 conditas.
928 1573 1109 1619 Subiungit
1140 1574 1302 1618 denique:

164 1635 332 1680 »Quando
355 1646 468 1670 autem
496 1637 704 1676 sactae-sint,
729 1636 813 1669 olim
837 1636 949 1675 simul,
974 1649 1014 1669 an
1039 1648 1128 1668 nunc
1151 1649 1214 1681 per
1237 1635 1305 1668 sin-

159 1697 257 1740 gulos
277 1699 506 1740 nascentium,
539 1698 621 1745 quid
653 1697 800 1743 periculi
826 1707 877 1731 est.
899 1699 1099 1731 alterutrum
1126 1710 1144 1730 e
1170 1697 1302 1730 duobus

161 1759 347 1803 opinari?=‹
397 1760 491 1804 Quid
519 1762 613 1806 quod
639 1761 803 1803 Origenes
827 1760 925 1793 Tom.
943 1760 986 1795 ll.
1014 1759 1048 1792 iu
1064 1760 1184 1792 Joann.
1209 1771 1302 1791 uum.

159 1820 213 1855 24.
237 1820 423 1855 animarum
448 1819 681 1869 προΰπὰρξιν
700 1821 881 1855 universali
899 1820 1061 1865 opinione
1077 1821 1302 1865 approbatam

161 1883 267 1918 dicit?
310 1883 442 1930 'Eiw²)
470 1884 530 1928 δὲ,
556 1883 677 1930 inquit,
702 1884 812 1930 κρατῇ
844 1881 862 1917 ὁ
888 1881 1051 1917 καθόλου
1074 1884 1159 1927 περὶ
1184 1883 1305 1927 ψυχῆς

160 1944 279 1990 λόγος,
307 1945 354 1986 ὡς
378 1945 420 1981 οὐ
438 1948 737 1992 συνεσπαρμείἠς
757 1947 805 1990 τῷ
822 1943 972 1990 σώματι,
990 1943 1080 1979 ἀλλὰ
1099 1942 1171 1989 πρὸ
1186 1943 1300 1978 αὐτοῦ

161 2006 420 2053 τυγχανούσης,
445 2010 506 2042 καὶ
526 2006 586 2042 διὰ
617 2009 783 2045 ποικίλας
808 2009 924 2046 αἰτίας
947 2006 1172 2054 ἐνδυομένης
1195 2006 1302 2052 σαρκὶ

161 2071 222 2104 καὶ
247 2072 388 2114 αἵματι,
415 2080 447 2103 et
472 2079 590 2102 cetera.

256 2197 289 2241 ¹)
315 2197 401 2231 Edd.
428 2197 562 2230 Huctii:
597 2210 655 2228 »vx
680 2195 806 2228 semine
831 2194 1012 2229 traducis«.

255 2253 290 2297 ²)
318 2254 389 2288 Csr.
415 2255 467 2291 cd,
493 2263 595 2287 nostr.
622 2253 721 2285 Tom.
751 2252 773 2286 Ι.
800 2266 832 2297 p.
860 2252 933 2287 145.
