1403 2492
377 73 689 108 oamzmmonum
720 71 833 106 Lutea
859 71 903 105 11.
1138 75 1199 111 189

69 177 108 198 ex
129 163 169 197 iis
192 163 428 211 philosophiae
453 162 640 209 praeceptis
664 161 828 194 institutas
855 173 1019 206 corporea
1037 163 1128 195 mole
1156 163 1196 196 li-

66 226 177 259 bei-ari
199 225 343 271 penitus,
369 234 402 258 et
425 225 459 258 in
483 223 677 258 amoeniora
709 224 785 257 loca
818 224 1014 257 concedere.
1062 225 1197 257 Praeci-

67 300 135 333 pue
159 288 344 321 notandum
368 287 458 320 venit
474 285 559 319 illud
573 284 703 318 Plotini
725 285 812 318 Enn.
832 285 888 319 ΙΙΙ.
914 285 990 319 libr.
1008 285 1040 320 4.
1066 299 1138 332 cap.
1156 286 1200 330 6.,

70 362 138 395 quo
163 349 349 383 animarum
372 349 415 382 ad
438 347 612 393 superiora
634 359 886 392 progressarum
910 347 1090 381 nonnullas
1114 361 1200 382 asse-

71 421 163 445 verat
186 412 221 445 in
245 410 359 445 sensili
384 410 449 445 hoc
471 409 600 443 mundo
625 409 727 442 vitam
751 421 866 451 agere,
891 409 970 443 alias
997 420 1087 444 extra
1111 411 1201 443 hunc

70 475 252 508 mundum:
285 487 369 520 quae
394 473 429 507 in
453 471 567 506 sensili
589 472 717 504 mundo
743 472 886 515 degunt,
918 472 998 506 alias
1021 486 1124 518 penes
1149 486 1203 505 so-

71 537 161 577 lem,
190 537 242 569 vel
266 536 413 581 aliquem
436 535 624 580 planetam,
663 534 742 568 alias
772 534 807 566 in
838 534 1051 568 firmamento
1082 548 1203 568 aevum

71 599 203 640 agitare,
230 610 498 643 unamquamque
522 611 586 642 pro
612 596 750 630 meritis.
798 596 993 630 Dictaverat
1025 610 1104 630 vero
1136 598 1203 643 jam

71 671 146 694 ante
171 661 391 708 Pythagoras,
423 670 459 692 ut
494 660 599 692 refert
633 658 783 691 Laertius
814 658 848 691 in
874 659 1078 705 Pythagora,
1110 656 1201 694 εἶναι

71 722 195 758 πάντα
219 722 283 758 τὸν
308 723 396 769 ἀέρα
421 724 554 768 ψυχῶν
578 723 747 766 ἔμπλεον.
796 723 906 766 Atque
941 722 1021 754 haec
1051 722 1204 767 interpo-

71 784 137 818 lata
161 784 322 827 Origenes
346 785 388 817 ad
411 784 605 828 Scripturae
630 796 740 817 sacrae
766 784 866 816 effata
882 793 1051 829 utcunque
1066 784 1202 829 aptavit.

160 847 267 880 Terra
302 856 414 880 autem
453 845 513 878 illa
551 846 754 879 firmamenti
794 847 949 879 convexis
994 847 1203 888 incumbens,

72 922 171 954 quam
203 909 363 942 describit
404 908 639 949 Adamantius,
680 908 777 941 alteri
812 908 888 941 huic
925 909 1107 953 persimilis
1143 920 1203 951 est,

73 984 171 1016 quam
204 971 293 1004 libro
327 970 449 1003 eodem
480 970 578 1004 Plato
611 980 873 1011 commemorat,
905 971 964 1003 ubi
992 972 1053 1005 ait:
1092 972 1204 1017 αὐτὴν

72 1032 137 1076 τὴν
158 1035 229 1079 γῆν
253 1032 421 1080 καθαρὰν
453 1033 492 1068 ἔν
527 1036 678 1080 καθαρῷ
711 1038 851 1069 κεῖσθαι
886 1036 934 1078 τῷ
969 1033 1133 1079 οὐρανῷ,
1164 1035 1204 1069 ἐν

75 1089 173 1141 ᾧπέρ
199 1096 270 1130 ἔστι
298 1094 340 1130 τὰ
367 1093 495 1141 ἄστρα,
521 1093 564 1130 ὃν
588 1095 633 1139 δὴ
659 1097 786 1141 αἰθέρα
803 1095 993 1140 ὀνομάζειν
1007 1095 1087 1134 τοὺς
1109 1099 1205 1131 πολ-

75 1157 158 1197 λοίς
181 1161 253 1192 τῶν
277 1160 359 1202 περὶ
383 1157 426 1192 τὰ
450 1159 597 1191 τοιαῦτα
621 1156 805 1192 εἰωθότων
828 1160 961 1202 λέγειν·
989 1151 1032 1192 οὗ
1049 1158 1090 1200 ὃν)
1111 1157 1205 1194 ὑπο-

78 1219 247 1264 στάθμην
270 1222 380 1254 rafim
405 1216 515 1261 εἶναι,
550 1220 610 1252 καὶ
635 1220 779 1267 συῤῥεῖν
804 1218 856 1254 ἀεὶ
883 1222 930 1258 εἰς
953 1219 996 1254 τά
1020 1222 1123 1255 κοῖλα
1148 1223 1207 1265 τῆς

75 1283 154 1326 γῆς.
202 1281 290 1314 Hinc
315 1280 544 1314 Tertullianus
570 1280 646 1313 libr,
672 1281 713 1312 de
738 1280 858 1320 anima,
883 1294 956 1325 cap.
970 1282 1024 1315 55.
1060 1282 1148 1315 »Sed
1173 1282 1206 1315 in

77 1344 209 1376 aethere
236 1343 398 1376 dormitio
424 1353 537 1376 nostra
562 1356 637 1375 cum
663 1343 775 1386 pueris
801 1342 971 1382 Platonis;
995 1344 1099 1376 autin
1120 1357 1205 1385 aere,

78 1419 152 1438 cum
178 1406 281 1450 Ari03
304 1416 359 1439 aut
383 1406 470 1438 circa
495 1406 628 1444 lunam,
662 1418 738 1437 cum
769 1405 1037 1451 Endymionibus
1069 1407 1206 1441 Stoico-

77 1479 182 1500 rum.«
232 1467 371 1499 Vetusta
397 1480 533 1512 quoque
559 1467 616 1499 illa
641 1476 818 1511 poetarum
845 1467 1014 1509 theologia
1030 1469 1206 1502 beatorum

76 1529 198 1561 animas
224 1529 257 1561 in
282 1538 404 1562 terram
429 1530 609 1574 quandam,
634 1528 787 1574 Elysium
811 1542 933 1574 nempe
950 1543 1078 1570 nemus,
1103 1530 1208 1575 recipi

77 1591 222 1624 canebat.
271 1592 351 1624 lude
378 1591 574 1625 Christianis
599 1591 787 1637 objectabat
813 1590 951 1629 Celsus,
975 1603 1035 1623 nos
1060 1593 1101 1624 ab
1127 1592 1210 1625 Eth-

76 1653 158 1686 nicis
198 1653 337 1686 edoctos
377 1653 495 1686 dixisse
532 1653 678 1687 abituras
713 1662 790 1697 post
830 1663 975 1686 mortem
1014 1654 1138 1687 animas
1176 1655 1209 1687 in

76 1715 176 1748 aliam
201 1725 322 1748 terram
347 1715 408 1748 hae
433 1715 621 1748 meliorem.
668 1716 757 1748 Tum
782 1728 862 1748 vero
886 1716 1033 1757 magistri
1058 1716 1108 1749 sui
1133 1717 1210 1749 Ori-

78 1778 241 1822 genem')
267 1776 399 1822 puduit,
425 1786 457 1809 et
481 1790 564 1821 quae
584 1791 606 1821 ,a
629 1776 770 1810 Platone
793 1777 967 1817 didicerat,
991 1779 1116 1811 referre
1141 1792 1210 1812 ma-

80 1839 142 1871 luit
167 1840 208 1872 ad
233 1839 364 1881 Mosen,
389 1839 446 1883 qui
471 1839 568 1871 bonis
586 1839 698 1872 Deum
717 1838 847 1872 induxit
864 1838 1120 1883 promittentem
1143 1850 1210 1874 ter-

79 1913 150 1933 ram
174 1899 258 1934 lacte
284 1910 318 1933 et
349 1901 450 1933 melle
484 1910 694 1941 manantem,
726 1900 818 1946 cujus
850 1901 1043 1947 symbolum
1077 1915 1145 1936 csse
1179 1913 1210 1936 et

79 1963 258 2004 imaginem
289 1963 452 1996 Judaeam
489 1964 573 1997 hanc
605 1973 770 1996 terrenam
811 1972 843 1995 et
876 1963 1086 1997 Hierusalem
1117 1965 1209 2005 dixit,

81 2025 170 2070 juxta
194 2026 396 2069 Apostolum
420 2025 525 2062 Hebr.
550 2025 632 2065 Xll,
669 2025 722 2059 2⁴2.
772 2026 809 2057 In
836 2038 953 2058 eorum
979 2035 1210 2068 argumentum

82 2086 279 2131 quibusdam
312 2087 417 2120 utitur
454 2088 593 2121 Davidis
634 2087 854 2128 testimoniis,
895 2087 980 2130 frugi
1018 2088 1209 2121 hominibus

82 2158 188 2181 terrae
214 2148 384 2193 cujusdam
419 2150 657 2183 haereditatem
690 2150 893 2195 pollicentis.
950 2150 1044 2183 Illius
1076 2163 1209 2195 quoque

182 2278 211 2321 ¹)
239 2276 308 2310 Csr.
336 2276 428 2319 Orig.
461 2278 517 2310 lib.
544 2278 617 2311 VH.
645 2288 758 2311 contra
785 2279 871 2314 Cels.
897 2291 988 2312 num.
1013 2279 1065 2314 29.
1092 2280 1142 2315 30.
