1403 2492
363 65 678 98 Ornoi-mmmmm
702 64 817 98 Lumn
842 65 885 98 11.
1116 66 1183 102 289

53 154 130 198 Ipse
155 163 266 187 autem
294 163 450 198 tanquam
475 165 665 186 accessurus
690 153 731 185 ad
757 153 882 193 altare,
913 153 996 187 dicit
1030 155 1072 188 ‹le
1104 168 1182 189 sex«

53 216 250 260 »»Amen¹)
282 216 359 248 dico
391 215 504 255 vobis,
540 215 617 259 quia
649 228 717 247 non
748 215 862 247 bibam
895 215 936 247 de
968 217 1182 258 generatione

51 277 127 310 vitis
158 276 273 322 liujus,
310 290 415 322 usque
440 289 507 321 quo
531 276 646 308 bibam
670 276 757 309 illud
782 277 957 309 vobiscum
988 290 1117 310 novum
1146 278 1181 311 in

50 352 152 381 regno
177 338 286 371 Patris
309 338 431 372 meim«
480 337 567 370 Hinc
592 337 788 370 Albertinus
814 337 903 370 eslici
920 348 1028 383 putat,
1054 339 1179 372 Christi

50 400 234 444 discipulos
257 413 387 433 merum
412 399 525 432 vinum
550 399 584 431 in
610 399 727 432 ultima
759 412 863 432 coena
886 399 1030 441 bibisse,
1061 415 1179 446 quem-

49 462 232 495 admodum
263 463 377 494 Aaron
416 470 449 493 et
483 460 674 494 sacerdotes
706 460 747 492 ad
778 460 881 493 altare
912 474 981 494 non
1013 464 1178 496 accessuri

48 537 178 556 merum
203 523 316 556 vinum
341 522 520 563 bibebant3
549 534 612 554 nec
645 534 763 566 capere
787 535 822 555 se
847 522 930 555 dicit
953 523 1035 568 quid
1060 534 1176 558 contra

49 598 224 630 opponere
254 583 433 629 possimus.
493 583 698 627 Respondeo
739 596 819 616 vero
857 583 1058 626 Origenem‚
1099 599 1175 618 cum

48 646 246 680 existimavit
270 654 363 678 vetus
388 645 475 677 illud
499 643 640 676 Levitici
665 655 903 690 praeceptum,
927 659 995 690 quo
1020 647 1176 690 pontifici

47 718 79 741 et
108 705 337 740 sacerdotibus
367 706 408 737 ad
439 705 543 738 altare
573 706 753 739 accessuris
793 706 870 739 vino
900 707 1176 750 interdicebatur,

45 770 198 802 umbram
227 779 346 800 eorum
371 767 490 807 fuisse,
514 780 599 812 quae
624 767 758 800 Christo
793 777 827 800 et
856 769 1034 813 Apostolis
1067 770 1176 802 conti-

44 839 182 873 gerunt,
214 829 348 874 quando
373 828 433 861 ille
458 829 499 861 ad
524 828 627 861 altare
652 830 760 862 crucis
783 842 974 863 accessurus
998 831 1077 864 vino
1101 832 1175 865 abs-

44 892 165 932 tinuit,
195 891 230 923 hi
254 903 335 923 vero
358 891 512 923 nondum
543 892 582 924 ad
613 891 719 924 crucis
742 892 845 924 altare
870 893 1033 925 accessuri
1058 893 1174 927 vinum

43 954 219 993 biberunt,
251 952 286 985 id
309 951 373 985 sibi
398 952 563 995 voluisse,
594 952 710 985 vinum
734 954 877 986 Aaronis
903 963 937 986 et
959 955 1174 988 sacerdotum

44 1015 76 1047 in
103 1027 144 1047 eo
170 1013 331 1059 ὁμογενῆ
355 1013 456 1046 fuisse
480 1013 713 1046 Eucharistico
747 1014 826 1047 vino
860 1015 983 1048 Christi
1016 1026 1049 1049 et
1080 1018 1174 1061 Apo-

42 1077 220 1115 stolorum,
244 1076 335 1120 quod
359 1085 506 1120 utroque
530 1075 735 1108 abstinerent
759 1076 815 1120 qui
833 1076 996 1109 accessuri
1013 1088 1105 1111 erant
1129 1080 1172 1111 ad

41 1138 163 1179 altare,
195 1138 237 1169 ab
265 1136 306 1169 iis
337 1149 437 1176 vero,
469 1136 527 1181 qui
561 1149 630 1169 non
663 1146 771 1169 essent
801 1138 967 1170 accessuri
991 1139 1033 1171 ad
1057 1140 1172 1181 altare,

41 1210 221 1244 utrumque
246 1199 434 1240 biberetur3
467 1211 531 1242 qua
566 1199 607 1231 de
638 1211 674 1230 re
705 1198 836 1232 scilicet
859 1199 924 1232 hoc
949 1200 1028 1232 loco
1053 1202 1171 1243 ageba-

41 1272 112 1294 tur:
137 1261 171 1294 in
195 1260 268 1293 aliis
291 1270 402 1293 autem
427 1260 528 1293 suissc
553 1261 758 1304 ἑτερογενῆ,
790 1273 828 1293 ac
852 1260 886 1293 in
912 1274 952 1293 eo
976 1263 1170 1307 praecipue,

42 1324 134 1368 quod
158 1321 300 1355 Aaronis
325 1331 359 1354 et
380 1323 594 1355 sacerdotum
618 1321 745 1361 vinum,
769 1335 899 1354 merum
925 1333 1011 1356 esset
1036 1324 1172 1369 vinum3

42 1384 163 1418 Christi
189 1397 269 1416 vero
296 1392 328 1416 et
353 1383 617 1428 discipulorum,
656 1383 768 1428 specie
804 1385 973 1417 duntaxat.
1029 1386 1171 1426 Urgebit

40 1459 120 1479 vero
145 1445 267 1490 aliquis
291 1444 423 1484 dicens,
445 1445 539 1477 nulla
563 1444 617 1477 hic
639 1454 720 1477 nota
746 1444 903 1486 distingui
932 1445 1047 1479 vinum
1071 1447 1169 1488 illud,

39 1508 130 1553 quod
154 1520 230 1540 cum
254 1506 442 1551 publicanis
467 1515 501 1539 et
523 1505 759 1551 peccatoribus
783 1506 921 1539 bibebat
943 1507 1104 1549 Christus,
1128 1510 1170 1542 ab

39 1583 79 1602 co
106 1569 205 1610 vino,
238 1581 305 1613 quo
336 1567 371 1601 in
401 1568 523 1601 ultima
555 1581 659 1601 coena
691 1568 869 1608 abstinuit,
905 1570 964 1601 sed
987 1579 1168 1616 utrumque

40 1630 170 1677 opponi
194 1630 272 1663 vino
297 1629 451 1670 Aaronis,
475 1642 513 1662 ac
536 1629 682 1674 proinde
702 1629 812 1662 simile
829 1629 930 1662 fuisse
947 1631 1074 1673 vinum,
1099 1646 1167 1677 quo

39 1693 190 1727 Christus
212 1690 372 1724 abstinuit
394 1691 428 1723 in
452 1700 623 1736 postrema
647 1704 766 1731 coena,
783 1691 874 1730 vin0‚
899 1693 992 1735 quod
1016 1706 1091 1725 cum
1105 1707 1168 1738 pu-

37 1753 178 1788 blicanis
208 1763 242 1785 et
270 1752 504 1797 peccatoribus
541 1752 640 1785 bibit.
693 1752 916 1796 Respondeo,
955 1754 1032 1786 satis
1064 1753 1167 1789 fuisse

38 1815 189 1857 Origeni,
211 1824 302 1847 recte
325 1813 454 1847 institui
484 1827 583 1858 posse
616 1813 903 1858 comparationem
934 1814 1049 1847 vinum
1079 1816 1168 1850 inter

41 1877 192 1917 maronis,
217 1886 249 1909 ct
273 1876 385 1909 vinum
410 1889 428 1909 a
445 1875 577 1909 Christo
602 1876 673 1908 sive
687 1884 827 1919 epotum
852 1876 885 1908 in
911 1875 999 1908 vitae
1021 1877 1165 1911 decursu

38 1953 113 1973 cum
139 1938 327 1983 publicanis
351 1947 385 1970 et
409 1938 664 1982 peccatoribus,
686 1938 757 1970 sive
782 1951 852 1971 non
876 1947 1010 1982 potum,
1033 1939 1091 1971 sed
1117 1939 1166 1972 di-

37 2000 176 2045 scipulis
206 1999 367 2032 traditum
397 1999 432 2032 in
466 1999 585 2032 ultima
618 2011 732 2032 coena.
793 2000 878 2032 Nam
911 1999 1061 2043 quamvis
1099 2000 1165 2034 hoc

38 2065 149 2106 specie
173 2070 302 2093 tantum
329 2070 413 2093 esset
437 2061 571 2100 vinum,
608 2073 723 2093 revera
757 2070 842 2093 esset
868 2060 992 2094 Christi
1016 2062 1164 2104 sanguis;

37 2123 123 2155 illud
150 2135 229 2155 vcro
256 2131 289 2154 et
312 2121 425 2166 specie
450 2131 483 2154 et
506 2135 542 2155 re
567 2122 681 2154 vinum
707 2132 806 2163 esset,
831 2135 898 2155 non
923 2123 956 2155 in
982 2136 1022 2156 eo
1047 2123 1163 2157 simili—

133 2250 165 2294 ¹)
192 2249 299 2283 Marc.
322 2249 414 2290 XlV,
436 2249 491 2284 25.

85 2312 262 2345 Omcms
287 2311 424 2346 OPERA.
451 2311 547 2347 Tom.
571 2311 697 2345 XXIII.
934 2313 975 2347 19
