1403 2492
305 535 672 594 QUAES'rlo
713 533 967 583 SEXTA.

506 645 570 677 DE
595 645 759 678 ANIMA.

61 737 86 771 I.
127 736 180 769 De
206 735 335 768 animae
372 734 517 777 origine,
559 734 640 779 quid
668 743 830 767 statueret
854 734 1036 775 Origenes,
1073 743 1203 766 certum

59 811 129 830 non
153 797 278 830 habuit.
328 798 372 830 II.
410 797 458 830 Ex
486 797 643 838 dogmate
669 793 950 841 προῦπᾰρξεως,
983 805 1015 827 et
1045 795 1202 839 perpetui

61 859 227 892 libertatis
258 872 336 891 usus
368 858 511 890 maxima
537 857 820 899 origenianorum
846 870 999 889 errorum
1024 870 1099 902 pars
1124 870 1203 901 pro·

60 920 165 953 fluxit.
215 921 271 953 III.
304 920 428 953 Utrum
453 919 577 952 animas
603 919 742 952 rationis
773 928 950 963 compotes
978 932 994 951 e
1018 919 1202 952 substantia

58 981 171 1015 divina
196 982 360 1015 delibatas
385 995 453 1014 esse
480 981 667 1014 asseruerit.
719 982 776 1015 lV.
809 983 859 1014 An
887 994 939 1013 eas
974 994 1119 1025 corpore
1145 994 1201 1013 an-

57 1042 240 1088 tiquiores,
281 1043 315 1075 in
351 1043 504 1087 illudque
544 1056 605 1086 pro
644 1043 792 1086 peccatis
831 1043 989 1075 demissas
1021 1043 1200 1087 putaverit.

57 1105 98 1139 V.
139 1105 236 1138 Unde
269 1118 414 1143 nomen,
452 1102 569 1149 ψυχή,
610 1105 736 1137 factum
768 1105 999 1138 autumaverit.
1064 1106 1119 1142 Vl,
1151 1106 1201 1138 Ex

59 1167 108 1199 his
134 1167 323 1198 multorum
350 1166 641 1198 criminationibus
668 1175 717 1198 est
734 1166 914 1209 appetitus.
964 1167 1040 1198 Vll.
1066 1167 1119 1198 Ad
1139 1168 1201 1199 do-

58 1229 183 1259 ctrinae
208 1227 306 1271 hujus
332 1228 441 1259 sontes
468 1226 590 1267 digitus
614 1227 819 1266 intenditur;
854 1227 941 1259 Vlll.
970 1227 1081 1270 Quam
1100 1229 1199 1261 variis

56 1289 251 1333 Scripturae
277 1288 361 1321 locis
387 1288 507 1320 fulcire
534 1297 671 1320 conatus
691 1297 739 1320 est
759 1288 942 1329 Origenes:
968 1289 1024 1321 IX.
1040 1289 1143 1322 Multi
1159 1290 1199 1322 li-

56 1359 110 1382 cet
140 1363 212 1382 eam
246 1349 397 1382 funditus
427 1350 637 1380 labefactent.
692 1350 734 1381 X.
770 1349 886 1381 Patres
919 1348 989 1394 ejus
1018 1359 1199 1383 assertores

54 1420 279 1444 recensentur.
327 1411 387 1443 XI.
423 1410 515 1443 Nihil
541 1409 590 1442 his
615 1410 828 1454 temporibus
852 1411 964 1444 suerat
989 1413 1030 1445 ab
1056 1413 1199 1446 ecclesia

53 1486 155 1517 super
179 1473 244 1505 hoc
271 1481 468 1514 argumento
499 1471 778 1513 determinatum3
816 1473 893 1505 XII.
921 1485 985 1505 nec
1010 1473 1120 1506 multo
1145 1487 1198 1506 re-

53 1534 269 1567 centioribus.
319 1535 414 1567 XIII.
438 1534 562 1566 Utrum
587 1533 712 1566 animas
738 1546 928 1578 corporeas,
955 1544 988 1567 et
1005 1534 1098 1580 quali
1123 1548 1196 1568 cor-

53 1607 137 1638 pore
169 1596 338 1640 praeditas
371 1596 561 1628 crediderit.
615 1595 706 1628 XIV.
733 1595 915 1637 Origenem
940 1598 1081 1631 Patrum
1105 1598 1194 1629 mul—

52 1665 165 1689 torum
200 1670 368 1694 assensus,
401 1667 433 1689 et
468 1670 525 1689 sua
560 1669 715 1689 excusare
747 1666 861 1701 potest
884 1657 1071 1690 haesitatio.
1120 1659 1195 1693 XV.

51 1717 101 1749 Ex
133 1718 268 1762 antiqua
299 1718 518 1762 philosophia
553 1717 749 1762 opinionem
776 1731 869 1750 suam
895 1719 1095 1764 depromsit.
1143 1721 1196 1752 In-

52 1778 189 1812 tricatus
216 1779 389 1813 Methodii
421 1781 516 1812 locus
549 1780 745 1824 explicatur.
800 1782 893 1814 XVI.
931 1781 1056 1814 Utrum
1087 1782 1195 1814 solam

54 1839 197 1874 animam
223 1841 397 1874 hominem
424 1841 628 1875 constituere
655 1841 785 1875 dixerit.
834 1843 943 1875 XVII.
975 1843 1195 1876 Examinatur

56 1899 256 1948 origeniana
285 1903 620 1950 μετενσωμάτωσις.
679 1904 806 1936 XVIII.
841 1903 1097 1949 Pythagoricarn
1130 1910 1207 1948 με-“

53 1960 291 2007 τεμψύχωσιν
322 1978 549 2010 propugnasse
579 1978 596 1997 a
629 1964 786 2009 plurimis
818 1966 926 1997 dictus
951 1975 1000 1997 est
1027 1967 1194 1999 Adaman-

53 2021 137 2055 tius:
176 2023 272 2056 XIX.
297 2025 356 2057 sed
387 2025 502 2058 multis
527 2035 696 2070 purgatur.
752 2026 831 2059 XX.
864 2027 1192 2061 Metensomatoseo‘s

425 2096 579 2120 auctores
606 2089 808 2132 produntur.

143 2175 164 2206 1.
203 2174 375 2218 Quoniam
400 2175 574 2209 hominum
600 2177 726 2210 animas
752 2177 900 2224 ejusdem
927 2191 996 2211 esse
1028 2192 1065 2212 ac
1090 2190 1189 2221 ange-

53 2234 104 2267 los
137 2234 263 2269 ordinis
295 2246 327 2269 et
359 2246 494 2270 naturae
520 2238 628 2272 voluit
652 2238 833 2282 Origenes,
868 2240 1043 2286 explorata
1067 2240 1190 2273 horum

64 2346 65 2349 Ἰ
100 2295 276 2331 Ommzms
301 2298 438 2332 OPERA.
488 2299 583 2333 Tom.
609 2300 739 2333 XXIII.
970 2303 986 2336 1
