1403 2492
412 71 724 104 Omonmmonum
755 70 869 102 ann
894 69 939 102 ΙΙ.
1172 71 1236 106 123

99 161 189 201 Deo,
215 173 319 206 caque
342 159 530 195 Servatoris
555 160 734 192 adventum
760 159 946 192 formidare
970 159 1097 193 scribit.
1135 160 1235 194 Unde

100 222 133 254 in
160 236 212 267 cp.
237 222 290 256 61.
316 223 355 255 ad
381 222 572 254 Pammach.
598 235 669 266 cap.
695 221 726 254 5.
759 221 800 253 de
833 221 898 253 hoc
932 233 1028 262 agens
1060 222 1234 263 dogmate:

103 285 207 316 »Non
233 292 327 323 est,«
355 283 472 327 inquit,
499 283 620 315 »istius
644 282 807 327 temporis
835 292 951 315 contra
983 283 1104 324 dogma
1128 284 1236 324 genti·

101 344 197 385 lium,
223 354 255 377 ct
279 359 315 378 cx
339 354 431 389 parte
456 344 670 378 Platonicum
694 344 859 384 scribere,
891 353 968 376 ante
1001 357 1106 376 annos
1127 346 1234 378 sermo

101 406 218 439 decem
243 407 276 439 iu
303 403 559 440 Commentariis
592 405 822 445 Ecclesiastis‚
856 415 889 438 et
920 405 1155 450 explanatione
1181 420 1234 452 ep.

100 468 140 499 ad
165 467 329 512 Ephesios
362 468 506 501 arbitror
533 481 667 500 sensum
699 467 804 499 animi
835 467 902 499 mci
934 468 1156 512 prudentibus
1181 483 1235 502 ex-

100 528 274 572 plicatum.
287 545 304 560 «
354 530 450 573 Quae
476 544 550 562 cum
577 529 641 574 ipsi
665 528 805 561 fuissent
829 542 846 562 a
871 530 995 562 Rufino
1022 529 1156 576 objecta
1180 531 1234 564 In·

99 591 218 623 vectiv.
246 592 292 632 1.,
328 591 454 624 crimen
486 592 587 624 diluit
620 592 769 635 Apolog.
805 591 863 624 lib.
891 591 920 625 1.
952 604 1024 635 cap.
1048 591 1080 625 4.
1141 592 1235 635 Quin

100 652 198 684 ctiam
223 653 546 687 Pseudo-Clemens
580 653 613 685 in
653 652 924 694 l'iecognitionib.
956 652 1031 685 libr.
1057 653 1107 692 5.,
1139 663 1172 685 et
1193 655 1233 688 R.

100 713 213 746 Bloses
238 715 302 747 ben
328 715 492 756 Maimon,
518 715 643 747 animas
668 714 760 746 astris
793 715 965 756 affingunt.
1015 713 1174 759 Denique
1198 716 1232 750 S.

99 773 247 808 Thomas
272 776 347 811 libr.
372 778 403 812 2.
429 787 536 811 contr.
563 777 663 812 Gent.
689 790 763 821 cap.
790 776 844 810 70.
872 777 912 808 ad
938 776 1017 808 fidei
1044 777 1234 811 doctrinam

96 836 266 879 pertinere
290 849 398 881 negat,
423 848 507 872 astra
530 839 674 871 animata
700 838 864 877 dicantur,
889 850 929 869 an
955 837 1118 880 iuanima;
1143 841 1234 872 unde

97 897 270 931 aestimare
301 898 403 940 licet,
447 914 513 946 quo
552 914 693 933 numero
725 899 906 933 Justiniani
938 900 1233 935 anathematismos

97 960 260 1002 habuerit,
285 962 342 1006 qui
367 963 591 995 alfii-mantem
615 962 816 996 sententiam
841 961 1052 995 confodiunt.

185 1023 243 1056 IV.
291 1024 387 1056 Viam
405 1024 544 1066 Origeni
568 1025 608 1056 ad
634 1024 669 1056 id
687 1025 809 1066 dogma
828 1024 1111 1068 praemonstravit
1124 1026 1233 1067 Plato,

97 1085 155 1128 qui
177 1084 212 1117 in
236 1085 377 1118 Timaeo
404 1086 492 1118 coeli
516 1085 660 1118 animam
684 1085 823 1121 rationis
855 1098 925 1118 csse
957 1096 1154 1130 compotem
1179 1088 1234 1129 ait,

99 1158 204 1190 eaque
228 1147 311 1179 nihil
337 1161 354 1180 a
378 1148 453 1180 Deo
479 1147 699 1192 praestantius
732 1147 832 1180 fuisse
863 1156 1096 1191 procreatum:
1135 1158 1168 1181 et
1199 1150 1234 1183 in

98 1208 260 1252 Epinomi
292 1213 395 1243 θεῖον
426 1209 598 1254 praedicat
634 1213 738 1254 γένος
764 1205 925 1254 ἄστρων,
966 1208 1132 1253 σώματος
1162 1212 1234 1258 μὲν

101 1269 211 1314 τυχὸν
235 1273 438 1314 καλλίστου,
468 1273 585 1316 ψυχῆς
610 1272 648 1305 δὲ
664 1269 988 1314 εὖδαῃωνεστάτης
1004 1284 1039 1306 τε
1064 1274 1124 1305 καὶ
1150 1272 1234 1319 ἀρί-

100 1344 194 1375 στης.
232 1332 520 1365 praemonstravit
552 1342 585 1364 ct
609 1332 730 1365 Thales
753 1331 895 1364 Jonicae
924 1341 1034 1364 sectae
1064 1333 1233 1379 princeps,

99 1393 156 1438 qui
181 1395 280 1426 rebus
304 1394 466 1426 universis
491 1394 636 1426 animam
660 1394 840 1426 tribuebat.
888 1394 1176 1428 Praemonstravit
1200 1407 1234 1430 et

98 1455 321 1501 Pythagoras,
355 1455 413 1501 qui
445 1464 530 1488 astra
555 1456 649 1488 Deos
675 1468 744 1487 esse
769 1456 934 1488 censebat.
983 1455 1234 1492 praemonstra-

98 1526 218 1550 verunt
242 1527 275 1550 et
296 1517 421 1557 Stoici,
453 1526 486 1550 et
509 1517 604 1561 ipse,
627 1516 655 1549 si
679 1517 881 1556 Plutarcho,
906 1516 1098 1549 Alexandro
1122 1519 1235 1564 Apro-

97 1579 221 1619 disaeo,
247 1589 279 1611 et
306 1579 379 1611 aliis
403 1579 583 1618 credimus,
607 1577 817 1611 Aristoteles.
856 1578 1009 1610 Platonis
1032 1581 1234 1615 sententiam

97 1653 135 1673 ac
159 1640 228 1685 ipsa
254 1642 506 1686 propemodum
540 1641 639 1673 verba
670 1653 732 1684 pro
766 1653 862 1672 more
894 1653 954 1672 suo
980 1641 1097 1674 retulit
1119 1642 1233 1685 Philo,

96 1716 172 1736 nam
199 1703 234 1734 in
259 1703 346 1734 libro
373 1705 456 1748 περὶ
484 1704 545 1736 τοῦ
571 1705 827 1745 θεοπέμπῑοιας
847 1699 939 1737 εἶναι
963 1701 1043 1741 τοὺς
1059 1703 1231 1751 ὀνείρους,

99 1774 132 1797 et
155 1764 247 1806 alibi,
273 1774 357 1797 astra
380 1778 449 1796 non
475 1763 633 1795 animalia
659 1764 782 1804 modo,
806 1764 865 1795 scd
892 1773 1020 1796 mentes
1045 1765 1147 1812 etiarm
1172 1780 1234 1811 pu-

100 1826 242 1859 rissimas
267 1839 335 1859 esse
363 1825 488 1858 asserit,
538 1825 572 1857 ln
605 1825 691 1857 libro
724 1834 835 1857 tamen
868 1827 908 1858 de
940 1826 1058 1858 mundi
1083 1827 1234 1871 opificio,

102 1897 135 1919 et
160 1889 264 1920 altero
291 1888 331 1919 de
356 1887 551 1929 gigantibus,
578 1900 615 1919 ca
641 1900 709 1919 esse
736 1887 808 1919 vult
839 1887 881 1921 δι’
918 1885 1003 1921 ὅλου
1036 1891 1232 1930 σπουδαΐιι,

102 1950 219 1994 (quam
245 1963 363 1982 vocem
388 1950 559 1993 usurpavit
584 1948 783 1993 Origenes),
816 1951 876 1983 καὶ
901 1948 1038 1988 παντὸς
1062 1949 1234 1987 ἀνεπίδε-

103 2025 168 2044 κτα
205 2012 336 2054 κακοῦ,
376 2014 437 2044 καὶ
477 2010 656 2057 ἀκήρατα,
697 2011 789 2055 quod
829 2011 968 2053 Origcni
998 2025 1065 2044 non
1095 2013 1234 2057 placuit.

102 2072 190 2105 nuic
224 2085 358 2116 quoqne
395 2073 436 2105 ad
467 2086 540 2105 eam
581 2074 817 2116 capessendam
858 2073 1053 2117 opinionem
1092 2075 1236 2119 praeivit

106 2134 263 2166 Clemens
295 2134 537 2167 Alexandrinus
570 2134 602 2166 in
633 2134 768 2176 Eclogis
807 2135 846 2169 ἐκ
886 2137 957 2169 τῶν
989 2139 1234 2182 προᾳηῖικῶν.

104 2195 333 2229 perseveravit
358 2205 468 2228 autem
495 2196 535 2228 ad
560 2205 705 2229 nostram
731 2207 873 2230 aetatem
908 2197 992 2230 illud
1018 2199 1059 2231 ‹le
1084 2199 1235 2233 animatis
