1403 2492
161 74 229 110 330
498 76 610 108 Ρετκι
635 75 809 108 ΒΑκιειιε
834 75 966 110 Ηυετιι

163 167 196 199 in
223 166 398 199 ecclesiam
424 164 595 198 intulisse:
629 169 812 210 σχίσματα
845 164 1005 209 βαλόντα
1038 166 1079 201 ἐν
1113 166 1301 211 ἐκκλησίᾳ·

161 238 199 260 ut
226 229 267 261 de
292 242 333 260 eo
359 227 476 260 scribit
500 228 620 260 Petrus
637 228 884 261 Alexandrinus
908 228 943 260 in
958 228 1182 274 Mystagogia:
1207 228 1302 273 quod

162 290 203 322 ad
230 289 381 334 quintam
418 291 586 335 synodum
611 291 749 328 attinet,
788 290 937 336 judicare
962 304 1062 335 posse
1087 291 1236 338 synodos
1260 291 1303 323 de

161 352 240 391 fida»,
265 365 333 383 non
361 352 402 383 de
430 351 600 395 personis,
636 354 834 396 praesertim
859 352 1022 394 mortuis3
1053 353 1129 385 hinc
1166 351 1304 390 sactum,

162 423 199 446 ut
223 426 308 458 quae
335 414 376 446 de
401 414 600 453 Theodoro,
626 414 868 454 TheodoretO,
892 424 925 447 et
949 415 1008 448 Iba
1033 415 1182 448 decrevit
1206 414 1304 459 quin-

162 484 235 508 tum
260 476 348 508 illud
375 476 586 515 Concilium,
611 477 776 520 temporis
801 490 982 521 progressu
1006 477 1074 510 vim
1100 486 1134 510 et
1156 475 1304 509 auctori-

162 547 266 570 tatem
291 550 398 582 paene
423 538 611 570 amiserint:
637 538 757 570 scitum
777 539 860 571 illud
877 552 947 571 esse
962 539 996 572 S.
1010 539 1163 572 Tliomae
1182 538 1304 582 Quod-

163 598 269 631 libeto
295 612 400 639 nono,
430 600 522 634 artic.
552 601 632 639 ult„
665 601 836 633 neminem
867 601 908 633 ad
941 613 1109 634 assensum
1141 599 1304 633 eeclesiae

163 661 392 694 adhibendum
415 663 604 695 necessario
629 663 788 705 adstringi
814 663 847 695 in
873 664 931 702 iis,
956 676 1040 708 quae
1065 663 1106 695 ad
1133 663 1306 695 „substan-

163 723 244 755 tiam
271 724 368 756 fidei«
397 738 465 757 non
491 725 679 770 pertinent:
706 725 869 767 Vigilium
894 725 1021 770 Papam
1047 725 1081 758 in
1108 723 1303 758 Constituto

163 786 203 818 ad
227 786 476 828 Justinianum,
501 787 697 826 Theodori,
729 787 964 829 Theodoreti,
996 796 1029 820 et
1063 787 1139 820 lbae
1173 797 1306 819 errores

160 849 320 880 refellere
346 858 378 881 et
403 851 579 889 damnare,
610 851 806 882 auctoribus
838 849 937 894 ipsis,
977 849 1137 894 quoniam
1162 849 1196 881 in
1222 859 1305 893 pace

163 910 323 943 ecclesiae
349 911 517 951 obierunt,
543 912 633 956 parci
659 911 792 955 jubere:
819 905 912 957 quo—d
936 921 1071 944 eatenus
1089 911 1304 955 probandum

162 972 208 1005 ait
242 973 406 1006 Batonius
438 975 480 1006 ad
515 976 600 1006 Ann.
631 974 710 1008 553.
744 987 816 1018 cap.
850 974 944 1014 185.,
983 975 1011 1006 si
1043 974 1149 1006 modo
1176 982 1305 1005 constet

163 1048 253 1075 eum,
279 1036 337 1080 qui
363 1036 395 1067 in
423 1036 584 1068 ecclesiae
608 1048 691 1080 pace
718 1036 860 1076 obierit,
886 1049 995 1080 neque
1020 1035 1190 1075 haeresin,
1222 1035 1303 1067 dum

162 1096 303 1136 viveret,
328 1097 546 1141 pertinaciter
571 1097 779 1137 defendisse,
802 1092 931 1142 Vneque
962 1097 996 1129 in
1026 1097 1188 1130 ecclesiae
1213 1110 1307 1130 com-

163 1158 326 1191 munione
351 1160 507 1192 simulate
532 1173 780 1204 perseverasse:
807 1159 990 1201 Origenem
1009 1169 1121 1192 autem
1147 1159 1221 1205 quis
1244 1161 1306 1192 do-

162 1221 280 1264 gmatis
305 1221 372 1254 suis
398 1222 616 1266 pertinaciter
642 1221 785 1254 haesisse
811 1221 913 1261 dicat,
938 1234 1038 1266 quem
1054 1231 1123 1254 tam
1140 1220 1304 1254 submisse

164 1285 206 1317 de
232 1298 266 1317 se
293 1275 332 1317 et¹
350 1286 525 1317 moderate
561 1284 702 1317 sensisse
733 1283 962 1323 ostendimus,
993 1293 1151 1328 tantaque
1183 1284 1304 1316 mode-

161 1348 236 1387 stia,
262 1360 347 1392 quae
372 1348 554 1386 sentiebat,
590 1346 804 1380 declarasse?
841 1345 927 1389 Quis
959 1345 1120 1378 ecclesiae
1152 1359 1306 1378 commu-

162 1410 301 1441 nionem
327 1409 484 1442 simulate
510 1418 667 1441 secutum
693 1422 769 1440 eum
797 1408 975 1447 existimet,
999 1407 1057 1453 qui
1073 1407 1154 1440 fidei
1170 1409 1304 1453 profes-

163 1471 295 1503 sionem
327 1472 367 1503 ad
394 1471 580 1504 Fabianum
615 1471 742 1514 Papam
778 1471 894 1508 dedit,
933 1470 1122 1503 exorientes
1153 1470 1305 1503 haereses

163 1533 326 1566 acerrime
352 1534 532 1565 insectatus
557 1542 616 1572 est,
642 1533 769 1565 nullam
796 1545 871 1564 cum
898 1531 1084 1564 Haereticis
1107 1531 1305 1564 societatem

164 1594 249 1634 iniit,
277 1594 534 1628 Catliolicorum
560 1595 802 1639 episcoporum
827 1593 1057 1626 familiaritate
1090 1593 1132 1626 ad
1156 1603 1303 1626 mortem

163 1670 270 1702 usque
296 1666 488 1690 constanter
511 1670 591 1688 usus
616 1657 688 1689 est?
722 1656 865 1688 Caverat
891 1665 979 1688 certe
1005 1654 1071 1698 jam
1101 1665 1178 1688 ante
1202 1656 1308 1689 Justi-

163 1720 301 1752 nianum
328 1719 476 1752 Nicaena
501 1719 672 1763 synodus,
697 1731 739 1751 ne
764 1719 901 1751 ahsente
928 1730 988 1755 eo,
1020 1716 1113 1762 cujus
1148 1718 1308 1760 agebatur

167 1795 291 1821 caussa,
315 1781 480 1814 sententia
505 1782 662 1813 serretur.
710 1780 810 1814 Unde
834 1780 1007 1824 praeclare
1023 1779 1208 1813 Pontianus
1234 1781 1308 1825 epi-

165 1858 288 1889 scopus
321 1844 355 1876 in
387 1843 530 1889 epistola
563 1844 606 1875 ad
637 1842 815 1876 Justinian.
866 1842 933 1875 »ln
966 1851 1117 1874 extremo
1143 1841 1307 1886 epistolae

165 1917 295 1939 vestrae
320 1905 552 1948 cognovimus,
583 1905 675 1950 quod
700 1918 762 1937 nos
785 1917 854 1937 non
878 1903 1100 1936 mediocriter
1121 1905 1308 1947 remordet,

167 1970 292 2002 debere
315 1982 378 2001 nos
403 1968 643 2005 Theodorum,
669 1977 701 2000 ct
725 1967 849 2011 scripta
875 1965 1099 2006 Theodoreti,
1124 1975 1158 1999 et
1182 1967 1308 2012 episto—

168 2032 234 2063 lam
260 2032 340 2063 lbac
365 2032 533 2063 damnare.
579 2030 710 2062 Eorum
737 2029 824 2062 dicta
849 2029 890 2061 ad
915 2041 977 2061 nos
1002 2041 1107 2073 usque
1132 2042 1221 2062 nunc
1245 2029 1308 2062 mi-

167 2093 257 2125 nime
282 2102 519 2138 pervenerunt.
569 2092 674 2135 Quod
699 2092 726 2124 si
752 2101 786 2124 et
809 2099 1047 2136 pervenerunt,
1073 2100 1106 2122 et
1123 2090 1234 2136 aliqua
1259 2091 1307 2124 ibi

167 2155 374 2200 apocrypha,
403 2168 487 2199 quae
513 2164 629 2187 contra
654 2154 735 2186 fidei
760 2153 909 2196 regulam
934 2153 1019 2193 sint,
1042 2152 1233 2194 legerimus,
1258 2153 1308 2185 di-

168 2226 220 2249 cta
245 2229 424 2261 possumus
449 2230 621 2261 respuere,
648 2230 716 2249 non
742 2226 896 2250 auctores
929 2215 994 2261 jam
1025 2224 1181 2247 mortuos
1211 2227 1307 2260 prae·

170 2278 266 2323 ciphi
291 2278 574 2311 condemnatione
600 2279 767 2312 damnare.
817 2277 924 2321 Quod
955 2276 983 2310 si
1009 2277 1120 2310 adhuc
1144 2277 1306 2315 viverent,

293 2413 307 2422 ο
