<?xml version="1.0" encoding="UTF-8"?>
<!DOCTYPE html PUBLIC "-//W3C//DTD XHTML 1.0 Transitional//EN"
    "http://www.w3.org/TR/xhtml1/DTD/xhtml1-transitional.dtd">
<html xmlns="http://www.w3.org/1999/xhtml" xml:lang="en" lang="en">
 <head>
  <title>
</title>
<meta http-equiv="Content-Type" content="text/html;charset=utf-8" />
  <meta name='ocr-system' content='tesseract 3.04.00' />
  <meta name='ocr-capabilities' content='ocr_page ocr_carea ocr_par ocr_line ocrx_word'/>
</head>
<body>
  <div class='ocr_page' id='page_1' title='image "./operaomniaquaegr23orig/operaomniaquaegr23orig_0304.png"; bbox 0 0 1403 2492; ppageno 0'>
   <div class='ocr_carea' id='block_1_1' title="bbox 185 80 987 119">
    <p class='ocr_par' dir='ltr' id='par_1_1' title="bbox 185 80 987 119">
     <span class='ocr_line' id='line_1_1' title="bbox 185 80 987 119; baseline -0.006 0"><span class='ocrx_word' id='word_1_1' title='bbox 185 82 254 119; x_wconf 84' lang='lat'>290</span> <span class='ocrx_word' id='word_1_2' title='bbox 518 80 630 114; x_wconf 71' lang='lat' dir='ltr'>Pnrm</span> <span class='ocrx_word' id='word_1_3' title='bbox 657 80 828 114; x_wconf 73' lang='lat' dir='ltr'>DANmtis</span> <span class='ocrx_word' id='word_1_4' title='bbox 853 81 987 115; x_wconf 71' lang='lat' dir='ltr'>{tumn</span> 
     </span>
    </p>
   </div>
   <div class='ocr_carea' id='block_1_2' title="bbox 183 169 1323 2010">
    <p class='ocr_par' dir='ltr' id='par_1_2' title="bbox 183 169 1323 2010">
     <span class='ocr_line' id='line_1_2' title="bbox 184 169 1319 219; baseline -0.006 -9"><span class='ocrx_word' id='word_1_5' title='bbox 184 175 338 210; x_wconf 75' lang='lat' dir='ltr'>tudinem</span> <span class='ocrx_word' id='word_1_6' title='bbox 359 171 542 219; x_wconf 78' lang='lat' dir='ltr'>quaesivit,</span> <span class='ocrx_word' id='word_1_7' title='bbox 582 171 634 203; x_wconf 65' lang='lat' dir='ltr'>vel</span> <span class='ocrx_word' id='word_1_8' title='bbox 661 184 824 215; x_wconf 74' lang='lat' dir='ltr'>quaerere</span> <span class='ocrx_word' id='word_1_9' title='bbox 859 171 976 204; x_wconf 74' lang='lat' dir='ltr'>debuit</span> <span class='ocrx_word' id='word_1_10' title='bbox 1013 169 1192 213; x_wconf 83' lang='lat' dir='ltr'>Origenes,</span> <span class='ocrx_word' id='word_1_11' title='bbox 1228 172 1319 216; x_wconf 79' lang='lat' dir='ltr'>qumi</span> 
     </span>
     <span class='ocr_line' id='line_1_3' title="bbox 187 232 1319 282; baseline -0.007 -10"><span class='ocrx_word' id='word_1_12' title='bbox 187 249 371 282; x_wconf 89' lang='lat' dir='ltr'>utrumque</span> <span class='ocrx_word' id='word_1_13' title='bbox 396 235 512 268; x_wconf 85' lang='lat' dir='ltr'>vinum</span> <span class='ocrx_word' id='word_1_14' title='bbox 539 242 624 266; x_wconf 85' lang='lat' dir='ltr'>esset</span> <span class='ocrx_word' id='word_1_15' title='bbox 651 233 703 265; x_wconf 79' lang='lat' dir='ltr'>vcl</span> <span class='ocrx_word' id='word_1_16' title='bbox 729 247 775 273; x_wconf 77' lang='lat' dir='ltr'>re,</span> <span class='ocrx_word' id='word_1_17' title='bbox 799 234 851 266; x_wconf 74' lang='lat' dir='ltr'>vel</span> <span class='ocrx_word' id='word_1_18' title='bbox 874 234 998 278; x_wconf 78' lang='lat' dir='ltr'>specie,</span> <span class='ocrx_word' id='word_1_19' title='bbox 1023 232 1131 266; x_wconf 86' lang='lat' dir='ltr'>sedin</span> <span class='ocrx_word' id='word_1_20' title='bbox 1149 246 1202 272; x_wconf 81' lang='lat' dir='ltr'>eo,</span> <span class='ocrx_word' id='word_1_21' title='bbox 1228 233 1319 277; x_wconf 81' lang='lat' dir='ltr'>quod</span> 
     </span>
     <span class='ocr_line' id='line_1_4' title="bbox 187 295 1320 335; baseline -0.007 -1"><span class='ocrx_word' id='word_1_22' title='bbox 187 302 248 334; x_wconf 90' lang='lat' dir='ltr'>illo</span> <span class='ocrx_word' id='word_1_23' title='bbox 274 309 466 332; x_wconf 83' lang='lat' dir='ltr'>accessurus</span> <span class='ocrx_word' id='word_1_24' title='bbox 497 296 538 328; x_wconf 83' lang='lat' dir='ltr'>ad</span> <span class='ocrx_word' id='word_1_25' title='bbox 569 296 672 328; x_wconf 78' lang='lat' dir='ltr'>altare</span> <span class='ocrx_word' id='word_1_26' title='bbox 706 295 857 328; x_wconf 69' lang='lat' dir='ltr'>(Ilii-istus</span> <span class='ocrx_word' id='word_1_27' title='bbox 890 295 1104 335; x_wconf 69' lang='lat' dir='ltr'>abstinuerit,</span> <span class='ocrx_word' id='word_1_28' title='bbox 1144 295 1228 327; x_wconf 85' lang='lat' dir='ltr'>illud</span> <span class='ocrx_word' id='word_1_29' title='bbox 1252 307 1320 326; x_wconf 88' lang='lat' dir='ltr'>non</span> 
     </span>
     <span class='ocr_line' id='line_1_5' title="bbox 185 356 1322 402; baseline -0.006 -7"><span class='ocrx_word' id='word_1_30' title='bbox 185 374 377 395; x_wconf 81' lang='lat' dir='ltr'>accessurus</span> <span class='ocrx_word' id='word_1_31' title='bbox 409 360 450 391; x_wconf 83' lang='lat' dir='ltr'>ad</span> <span class='ocrx_word' id='word_1_32' title='bbox 483 358 585 390; x_wconf 79' lang='lat' dir='ltr'>altare</span> <span class='ocrx_word' id='word_1_33' title='bbox 618 357 759 390; x_wconf 85' lang='lat' dir='ltr'>biberit:</span> <span class='ocrx_word' id='word_1_34' title='bbox 800 357 1087 402; x_wconf 74' lang='lat' dir='ltr'>quemadmodum</span> <span class='ocrx_word' id='word_1_35' title='bbox 1112 356 1231 388; x_wconf 82' lang='lat' dir='ltr'>veteris</span> <span class='ocrx_word' id='word_1_36' title='bbox 1255 356 1322 388; x_wconf 73' lang='lat' dir='ltr'>Te-</span> 
     </span>
     <span class='ocr_line' id='line_1_6' title="bbox 185 416 1321 463; baseline -0.007 -5"><span class='ocrx_word' id='word_1_37' title='bbox 185 423 341 459; x_wconf 79' lang='lat' dir='ltr'>stamenti</span> <span class='ocrx_word' id='word_1_38' title='bbox 365 421 444 454; x_wconf 82' lang='lat' dir='ltr'>vino</span> <span class='ocrx_word' id='word_1_39' title='bbox 469 420 679 454; x_wconf 78' lang='lat' dir='ltr'>abstinebant</span> <span class='ocrx_word' id='word_1_40' title='bbox 704 419 882 463; x_wconf 82' lang='lat' dir='ltr'>pontifices</span> <span class='ocrx_word' id='word_1_41' title='bbox 900 428 933 451; x_wconf 91' lang='lat' dir='ltr'>et</span> <span class='ocrx_word' id='word_1_42' title='bbox 948 420 1139 452; x_wconf 73' lang='lat' dir='ltr'>sacerdotes</span> <span class='ocrx_word' id='word_1_43' title='bbox 1159 416 1321 451; x_wconf 73' lang='lat' dir='ltr'>accessuri</span> 
     </span>
     <span class='ocr_line' id='line_1_7' title="bbox 187 480 1260 524; baseline -0.007 -5"><span class='ocrx_word' id='word_1_44' title='bbox 187 487 229 520; x_wconf 83' lang='lat' dir='ltr'>ad</span> <span class='ocrx_word' id='word_1_45' title='bbox 253 486 368 524; x_wconf 76' lang='lat' dir='ltr'>altare,</span> <span class='ocrx_word' id='word_1_46' title='bbox 393 483 484 516; x_wconf 87' lang='lat' dir='ltr'>idem</span> <span class='ocrx_word' id='word_1_47' title='bbox 510 495 590 514; x_wconf 86' lang='lat' dir='ltr'>vero</span> <span class='ocrx_word' id='word_1_48' title='bbox 615 494 684 514; x_wconf 91' lang='lat' dir='ltr'>non</span> <span class='ocrx_word' id='word_1_49' title='bbox 709 481 873 514; x_wconf 79' lang='lat' dir='ltr'>accessuri</span> <span class='ocrx_word' id='word_1_50' title='bbox 898 481 939 513; x_wconf 84' lang='lat' dir='ltr'>ad</span> <span class='ocrx_word' id='word_1_51' title='bbox 964 480 1066 513; x_wconf 80' lang='lat' dir='ltr'>altare</span> <span class='ocrx_word' id='word_1_52' title='bbox 1090 480 1260 513; x_wconf 78' lang='lat' dir='ltr'>bibebant.</span> 
     </span>
     <span class='ocr_line' id='line_1_8' title="bbox 277 541 1320 587; baseline -0.006 -8"><span class='ocrx_word' id='word_1_53' title='bbox 277 546 396 580; x_wconf 79' lang='lat' dir='ltr'>Tenue</span> <span class='ocrx_word' id='word_1_54' title='bbox 428 557 509 577; x_wconf 84' lang='lat' dir='ltr'>vero</span> <span class='ocrx_word' id='word_1_55' title='bbox 542 552 575 576; x_wconf 86' lang='lat' dir='ltr'>et</span> <span class='ocrx_word' id='word_1_56' title='bbox 608 543 779 575; x_wconf 81' lang='lat' dir='ltr'>insu-mum</span> <span class='ocrx_word' id='word_1_57' title='bbox 810 542 900 575; x_wconf 86' lang='lat' dir='ltr'>tertii</span> <span class='ocrx_word' id='word_1_58' title='bbox 932 541 999 575; x_wconf 89' lang='lat' dir='ltr'>loci</span> <span class='ocrx_word' id='word_1_59' title='bbox 1024 543 1148 582; x_wconf 86' lang='lat' dir='ltr'>robur,</span> <span class='ocrx_word' id='word_1_60' title='bbox 1178 555 1277 587; x_wconf 85' lang='lat' dir='ltr'>quern</span> <span class='ocrx_word' id='word_1_61' title='bbox 1303 553 1320 573; x_wconf 87' lang='lat' dir='ltr'>e</span> 
     </span>
     <span class='ocr_line' id='line_1_9' title="bbox 185 602 1321 651; baseline -0.006 -9"><span class='ocrx_word' id='word_1_62' title='bbox 185 609 337 651; x_wconf 84' lang='lat' dir='ltr'>Prologo</span> <span class='ocrx_word' id='word_1_63' title='bbox 362 607 397 640; x_wconf 88' lang='lat' dir='ltr'>in</span> <span class='ocrx_word' id='word_1_64' title='bbox 422 605 600 642; x_wconf 78' lang='lat' dir='ltr'>Canticum</span> <span class='ocrx_word' id='word_1_65' title='bbox 625 605 758 649; x_wconf 78' lang='lat' dir='ltr'>profert</span> <span class='ocrx_word' id='word_1_66' title='bbox 780 604 986 638; x_wconf 83' lang='lat' dir='ltr'>Albertinus.</span> <span class='ocrx_word' id='word_1_67' title='bbox 1046 605 1084 637; x_wconf 85' lang='lat' dir='ltr'>ln</span> <span class='ocrx_word' id='word_1_68' title='bbox 1111 616 1152 636; x_wconf 83' lang='lat' dir='ltr'>eo</span> <span class='ocrx_word' id='word_1_69' title='bbox 1177 602 1321 635; x_wconf 82' lang='lat' dir='ltr'>hominis</span> 
     </span>
     <span class='ocr_line' id='line_1_10' title="bbox 188 664 1323 712; baseline -0.005 -9"><span class='ocrx_word' id='word_1_70' title='bbox 188 668 376 709; x_wconf 68' lang='lat' dir='ltr'>exterioris,</span> <span class='ocrx_word' id='word_1_71' title='bbox 401 667 556 712; x_wconf 86' lang='lat' dir='ltr'>corporis</span> <span class='ocrx_word' id='word_1_72' title='bbox 580 666 761 707; x_wconf 82' lang='lat' dir='ltr'>nimirum,</span> <span class='ocrx_word' id='word_1_73' title='bbox 785 666 966 712; x_wconf 87' lang='lat' dir='ltr'>proprium</span> <span class='ocrx_word' id='word_1_74' title='bbox 989 666 1156 711; x_wconf 78' lang='lat' dir='ltr'>quendam</span> <span class='ocrx_word' id='word_1_75' title='bbox 1181 677 1251 698; x_wconf 87' lang='lat' dir='ltr'>csse</span> <span class='ocrx_word' id='word_1_76' title='bbox 1277 664 1323 698; x_wconf 85' lang='lat' dir='ltr'>ci-</span> 
     </span>
     <span class='ocr_line' id='line_1_11' title="bbox 185 727 1320 773; baseline -0.005 -8"><span class='ocrx_word' id='word_1_77' title='bbox 185 734 268 766; x_wconf 91' lang='lat' dir='ltr'>bum</span> <span class='ocrx_word' id='word_1_78' title='bbox 300 730 417 764; x_wconf 78' lang='lat' dir='ltr'>scribit</span> <span class='ocrx_word' id='word_1_79' title='bbox 448 729 629 772; x_wconf 84' lang='lat' dir='ltr'>Origenes,</span> <span class='ocrx_word' id='word_1_80' title='bbox 667 741 871 773; x_wconf 88' lang='lat' dir='ltr'>corporeum</span> <span class='ocrx_word' id='word_1_81' title='bbox 900 727 1030 761; x_wconf 86' lang='lat' dir='ltr'>scilicet</span> <span class='ocrx_word' id='word_1_82' title='bbox 1067 737 1100 760; x_wconf 89' lang='lat' dir='ltr'>et</span> <span class='ocrx_word' id='word_1_83' title='bbox 1130 737 1320 760; x_wconf 84' lang='lat' dir='ltr'>terrenum:</span> 
     </span>
     <span class='ocr_line' id='line_1_12' title="bbox 185 789 1321 835; baseline -0.005 -8"><span class='ocrx_word' id='word_1_84' title='bbox 185 793 355 828; x_wconf 83' lang='lat' dir='ltr'>interioris</span> <span class='ocrx_word' id='word_1_85' title='bbox 387 805 468 824; x_wconf 80' lang='lat' dir='ltr'>vero</span> <span class='ocrx_word' id='word_1_86' title='bbox 500 791 647 824; x_wconf 86' lang='lat' dir='ltr'>hominis</span> <span class='ocrx_word' id='word_1_87' title='bbox 681 800 713 824; x_wconf 90' lang='lat' dir='ltr'>et</span> <span class='ocrx_word' id='word_1_88' title='bbox 744 789 929 835; x_wconf 87' lang='lat' dir='ltr'>spiritualis</span> <span class='ocrx_word' id='word_1_89' title='bbox 966 789 1145 835; x_wconf 86' lang='lat' dir='ltr'>proprium</span> <span class='ocrx_word' id='word_1_90' title='bbox 1184 802 1321 835; x_wconf 87' lang='lat' dir='ltr'>quoque</span> 
     </span>
     <span class='ocr_line' id='line_1_13' title="bbox 186 851 1322 899; baseline -0.005 -10"><span class='ocrx_word' id='word_1_91' title='bbox 186 869 256 889; x_wconf 86' lang='lat' dir='ltr'>esse</span> <span class='ocrx_word' id='word_1_92' title='bbox 282 854 407 894; x_wconf 81' lang='lat' dir='ltr'>cibum,</span> <span class='ocrx_word' id='word_1_93' title='bbox 432 867 555 899; x_wconf 81' lang='lat' dir='ltr'>panem</span> <span class='ocrx_word' id='word_1_94' title='bbox 579 865 704 897; x_wconf 81' lang='lat' dir='ltr'>nempe</span> <span class='ocrx_word' id='word_1_95' title='bbox 728 851 860 892; x_wconf 78' lang='lat' dir='ltr'>vivum,</span> <span class='ocrx_word' id='word_1_96' title='bbox 892 851 949 896; x_wconf 88' lang='lat' dir='ltr'>qui</span> <span class='ocrx_word' id='word_1_97' title='bbox 986 852 1028 883; x_wconf 87' lang='lat' dir='ltr'>de</span> <span class='ocrx_word' id='word_1_98' title='bbox 1060 852 1159 885; x_wconf 86' lang='lat' dir='ltr'>coelo</span> <span class='ocrx_word' id='word_1_99' title='bbox 1185 852 1322 884; x_wconf 80' lang='lat' dir='ltr'>descen-</span> 
     </span>
     <span class='ocr_line' id='line_1_14' title="bbox 187 910 1320 960; baseline -0.004 -9"><span class='ocrx_word' id='word_1_100' title='bbox 187 918 247 951; x_wconf 86' lang='lat' dir='ltr'>dit.</span> <span class='ocrx_word' id='word_1_101' title='bbox 294 916 363 950; x_wconf 85' lang='lat' dir='ltr'>Sed</span> <span class='ocrx_word' id='word_1_102' title='bbox 396 916 469 960; x_wconf 87' lang='lat' dir='ltr'>ipsa</span> <span class='ocrx_word' id='word_1_103' title='bbox 503 925 695 960; x_wconf 77' lang='lat' dir='ltr'>repetamus</span> <span class='ocrx_word' id='word_1_104' title='bbox 735 915 853 946; x_wconf 78' lang='lat' dir='ltr'>verba:</span> <span class='ocrx_word' id='word_1_105' title='bbox 892 910 975 946; x_wconf 69' lang='lat' dir='ltr'>v»Est</span> <span class='ocrx_word' id='word_1_106' title='bbox 1010 913 1192 946; x_wconf 78' lang='lat' dir='ltr'>materialis</span> <span class='ocrx_word' id='word_1_107' title='bbox 1222 913 1320 960; x_wconf 80' lang='lat' dir='ltr'>hujus</span> 
     </span>
     <span class='ocr_line' id='line_1_15' title="bbox 184 975 1322 1022; baseline -0.004 -10"><span class='ocrx_word' id='word_1_108' title='bbox 184 977 352 1018; x_wconf 80' lang='lat' dir='ltr'>hominis,</span> <span class='ocrx_word' id='word_1_109' title='bbox 375 977 433 1022; x_wconf 87' lang='lat' dir='ltr'>qui</span> <span class='ocrx_word' id='word_1_110' title='bbox 466 987 499 1010; x_wconf 86' lang='lat' dir='ltr'>et</span> <span class='ocrx_word' id='word_1_111' title='bbox 523 977 669 1010; x_wconf 83' lang='lat' dir='ltr'>exterior</span> <span class='ocrx_word' id='word_1_112' title='bbox 692 975 901 1020; x_wconf 82' lang='lat' dir='ltr'>appellatur,</span> <span class='ocrx_word' id='word_1_113' title='bbox 931 975 1043 1016; x_wconf 86' lang='lat' dir='ltr'>cibus,</span> <span class='ocrx_word' id='word_1_114' title='bbox 1073 985 1240 1020; x_wconf 87' lang='lat' dir='ltr'>potusque</span> <span class='ocrx_word' id='word_1_115' title='bbox 1265 988 1322 1007; x_wconf 87' lang='lat' dir='ltr'>na-</span> 
     </span>
     <span class='ocr_line' id='line_1_16' title="bbox 186 1036 1320 1083; baseline -0.004 -9"><span class='ocrx_word' id='word_1_116' title='bbox 186 1051 279 1075; x_wconf 82' lang='lat' dir='ltr'>turae</span> <span class='ocrx_word' id='word_1_117' title='bbox 311 1052 390 1073; x_wconf 85' lang='lat' dir='ltr'>suae</span> <span class='ocrx_word' id='word_1_118' title='bbox 422 1049 603 1082; x_wconf 79' lang='lat' dir='ltr'>cognatus,</span> <span class='ocrx_word' id='word_1_119' title='bbox 634 1050 820 1083; x_wconf 78' lang='lat' dir='ltr'>corporeus</span> <span class='ocrx_word' id='word_1_120' title='bbox 850 1036 913 1070; x_wconf 80' lang='lat' dir='ltr'>iste</span> <span class='ocrx_word' id='word_1_121' title='bbox 943 1037 1070 1070; x_wconf 84' lang='lat' dir='ltr'>scilicet</span> <span class='ocrx_word' id='word_1_122' title='bbox 1101 1047 1134 1070; x_wconf 82' lang='lat' dir='ltr'>et</span> <span class='ocrx_word' id='word_1_123' title='bbox 1157 1047 1320 1070; x_wconf 83' lang='lat' dir='ltr'>terrenus.</span> 
     </span>
     <span class='ocr_line' id='line_1_17' title="bbox 186 1098 1322 1145; baseline -0.004 -9"><span class='ocrx_word' id='word_1_124' title='bbox 186 1102 353 1137; x_wconf 81' lang='lat' dir='ltr'>Similiter</span> <span class='ocrx_word' id='word_1_125' title='bbox 376 1110 489 1134; x_wconf 83' lang='lat' dir='ltr'>autem</span> <span class='ocrx_word' id='word_1_126' title='bbox 513 1109 547 1133; x_wconf 81' lang='lat' dir='ltr'>et</span> <span class='ocrx_word' id='word_1_127' title='bbox 569 1099 754 1145; x_wconf 77' lang='lat' dir='ltr'>spiritualis</span> <span class='ocrx_word' id='word_1_128' title='bbox 777 1098 924 1131; x_wconf 86' lang='lat' dir='ltr'>hominis</span> <span class='ocrx_word' id='word_1_129' title='bbox 948 1099 1071 1144; x_wconf 87' lang='lat' dir='ltr'>ipsius,</span> <span class='ocrx_word' id='word_1_130' title='bbox 1098 1099 1154 1144; x_wconf 91' lang='lat' dir='ltr'>qui</span> <span class='ocrx_word' id='word_1_131' title='bbox 1181 1108 1214 1132; x_wconf 86' lang='lat' dir='ltr'>ct</span> <span class='ocrx_word' id='word_1_132' title='bbox 1236 1099 1322 1132; x_wconf 89' lang='lat' dir='ltr'>inte-</span> 
     </span>
     <span class='ocr_line' id='line_1_18' title="bbox 185 1160 1320 1207; baseline -0.004 -9"><span class='ocrx_word' id='word_1_133' title='bbox 185 1164 256 1198; x_wconf 84' lang='lat' dir='ltr'>rior</span> <span class='ocrx_word' id='word_1_134' title='bbox 279 1163 413 1204; x_wconf 82' lang='lat' dir='ltr'>dicitur,</span> <span class='ocrx_word' id='word_1_135' title='bbox 438 1171 488 1195; x_wconf 89' lang='lat' dir='ltr'>est</span> <span class='ocrx_word' id='word_1_136' title='bbox 511 1162 671 1207; x_wconf 83' lang='lat' dir='ltr'>proprius</span> <span class='ocrx_word' id='word_1_137' title='bbox 696 1161 800 1201; x_wconf 83' lang='lat' dir='ltr'>cibus,</span> <span class='ocrx_word' id='word_1_138' title='bbox 825 1170 863 1194; x_wconf 87' lang='lat' dir='ltr'>ut</span> <span class='ocrx_word' id='word_1_139' title='bbox 886 1160 979 1205; x_wconf 83' lang='lat' dir='ltr'>panis</span> <span class='ocrx_word' id='word_1_140' title='bbox 994 1161 1025 1206; x_wconf 89' lang='lat'>¹)</span> <span class='ocrx_word' id='word_1_141' title='bbox 1050 1161 1108 1194; x_wconf 87' lang='lat' dir='ltr'>ille</span> <span class='ocrx_word' id='word_1_142' title='bbox 1134 1161 1237 1202; x_wconf 85' lang='lat' dir='ltr'>vivus,</span> <span class='ocrx_word' id='word_1_143' title='bbox 1262 1160 1320 1206; x_wconf 90' lang='lat' dir='ltr'>qui</span> 
     </span>
     <span class='ocr_line' id='line_1_19' title="bbox 185 1221 1321 1268; baseline -0.005 -8"><span class='ocrx_word' id='word_1_144' title='bbox 185 1227 228 1260; x_wconf 92' lang='lat' dir='ltr'>‹le</span> <span class='ocrx_word' id='word_1_145' title='bbox 252 1225 352 1259; x_wconf 83' lang='lat' dir='ltr'>coelo</span> <span class='ocrx_word' id='word_1_146' title='bbox 378 1222 563 1266; x_wconf 81' lang='lat' dir='ltr'>descendit.</span> <span class='ocrx_word' id='word_1_147' title='bbox 609 1222 677 1256; x_wconf 78' lang='lat' dir='ltr'>Sed</span> <span class='ocrx_word' id='word_1_148' title='bbox 711 1231 744 1254; x_wconf 89' lang='lat' dir='ltr'>et</span> <span class='ocrx_word' id='word_1_149' title='bbox 774 1232 876 1268; x_wconf 78' lang='lat' dir='ltr'>potus</span> <span class='ocrx_word' id='word_1_150' title='bbox 908 1223 966 1255; x_wconf 87' lang='lat' dir='ltr'>ille</span> <span class='ocrx_word' id='word_1_151' title='bbox 999 1231 1049 1256; x_wconf 87' lang='lat' dir='ltr'>est</span> <span class='ocrx_word' id='word_1_152' title='bbox 1081 1235 1119 1254; x_wconf 90' lang='lat' dir='ltr'>ex</span> <span class='ocrx_word' id='word_1_153' title='bbox 1143 1221 1201 1254; x_wconf 82' lang='lat' dir='ltr'>illa</span> <span class='ocrx_word' id='word_1_154' title='bbox 1225 1235 1321 1267; x_wconf 84' lang='lat' dir='ltr'>aqua,</span> 
     </span>
     <span class='ocr_line' id='line_1_20' title="bbox 188 1279 1320 1334; baseline -0.004 -13"><span class='ocrx_word' id='word_1_155' title='bbox 188 1301 289 1334; x_wconf 87' lang='lat' dir='ltr'>quam</span> <span class='ocrx_word' id='word_1_156' title='bbox 313 1279 483 1332; x_wconf 79' lang='lat' dir='ltr'>promittit</span> <span class='ocrx_word' id='word_1_157' title='bbox 507 1286 605 1318; x_wconf 83' lang='lat' dir='ltr'>Jesus</span> <span class='ocrx_word' id='word_1_158' title='bbox 630 1284 784 1317; x_wconf 80' lang='lat' dir='ltr'>dicens:«</span> <span class='ocrx_word' id='word_1_159' title='bbox 813 1284 1061 1330; x_wconf 80' lang='lat' dir='ltr'>»»Quicunque</span> <span class='ocrx_word' id='word_1_160' title='bbox 1074 1285 1108 1329; x_wconf 86' lang='lat'>²)</span> <span class='ocrx_word' id='word_1_161' title='bbox 1132 1284 1255 1317; x_wconf 85' lang='lat' dir='ltr'>biberit</span> <span class='ocrx_word' id='word_1_162' title='bbox 1281 1298 1320 1316; x_wconf 80' lang='lat' dir='ltr'>ex</span> 
     </span>
     <span class='ocr_line' id='line_1_21' title="bbox 186 1345 1317 1395; baseline -0.005 -11"><span class='ocrx_word' id='word_1_163' title='bbox 186 1352 246 1387; x_wconf 82' lang='lat' dir='ltr'>hac</span> <span class='ocrx_word' id='word_1_164' title='bbox 270 1362 367 1395; x_wconf 81' lang='lat' dir='ltr'>aqua,</span> <span class='ocrx_word' id='word_1_165' title='bbox 391 1361 491 1394; x_wconf 89' lang='lat' dir='ltr'>quam</span> <span class='ocrx_word' id='word_1_166' title='bbox 516 1359 578 1389; x_wconf 83' lang='lat' dir='ltr'>ego</span> <span class='ocrx_word' id='word_1_167' title='bbox 612 1346 656 1378; x_wconf 90' lang='lat' dir='ltr'>do</span> <span class='ocrx_word' id='word_1_168' title='bbox 689 1345 782 1391; x_wconf 84' lang='lat' dir='ltr'>ei‚³)</span> <span class='ocrx_word' id='word_1_169' title='bbox 817 1359 888 1379; x_wconf 89' lang='lat' dir='ltr'>non</span> <span class='ocrx_word' id='word_1_170' title='bbox 911 1346 1003 1379; x_wconf 85' lang='lat' dir='ltr'>sitiet</span> <span class='ocrx_word' id='word_1_171' title='bbox 1032 1346 1065 1379; x_wconf 88' lang='lat' dir='ltr'>in</span> <span class='ocrx_word' id='word_1_172' title='bbox 1090 1355 1317 1380; x_wconf 59' lang='lat' dir='ltr'>aeternuinm«</span> 
     </span>
     <span class='ocr_line' id='line_1_22' title="bbox 189 1408 1320 1456; baseline -0.004 -11"><span class='ocrx_word' id='word_1_173' title='bbox 189 1412 267 1446; x_wconf 77' lang='lat' dir='ltr'>„Sic</span> <span class='ocrx_word' id='word_1_174' title='bbox 293 1425 371 1454; x_wconf 86' lang='lat' dir='ltr'>ergo</span> <span class='ocrx_word' id='word_1_175' title='bbox 397 1424 459 1456; x_wconf 88' lang='lat' dir='ltr'>per</span> <span class='ocrx_word' id='word_1_176' title='bbox 477 1409 589 1442; x_wconf 86' lang='lat' dir='ltr'>omnia</span> <span class='ocrx_word' id='word_1_177' title='bbox 613 1408 803 1440; x_wconf 79' lang='lat' dir='ltr'>similitudo</span> <span class='ocrx_word' id='word_1_178' title='bbox 837 1408 974 1453; x_wconf 89' lang='lat' dir='ltr'>quidem</span> <span class='ocrx_word' id='word_1_179' title='bbox 1000 1409 1246 1442; x_wconf 78' lang='lat' dir='ltr'>vocabulorum</span> <span class='ocrx_word' id='word_1_180' title='bbox 1270 1422 1320 1441; x_wconf 72' lang='lat' dir='ltr'>st·-</span> 
     </span>
     <span class='ocr_line' id='line_1_23' title="bbox 186 1469 1321 1515; baseline -0.004 -8"><span class='ocrx_word' id='word_1_181' title='bbox 186 1475 333 1507; x_wconf 88' lang='lat' dir='ltr'>cundum</span> <span class='ocrx_word' id='word_1_182' title='bbox 357 1482 539 1515; x_wconf 90' lang='lat' dir='ltr'>utrumque</span> <span class='ocrx_word' id='word_1_183' title='bbox 564 1470 737 1502; x_wconf 83' lang='lat' dir='ltr'>hominem</span> <span class='ocrx_word' id='word_1_184' title='bbox 762 1469 920 1514; x_wconf 77' lang='lat' dir='ltr'>ponitur3</span> <span class='ocrx_word' id='word_1_185' title='bbox 941 1483 1053 1502; x_wconf 88' lang='lat' dir='ltr'>rerum</span> <span class='ocrx_word' id='word_1_186' title='bbox 1070 1483 1150 1503; x_wconf 79' lang='lat' dir='ltr'>vero</span> <span class='ocrx_word' id='word_1_187' title='bbox 1165 1470 1321 1515; x_wconf 83' lang='lat' dir='ltr'>proprie-</span> 
     </span>
     <span class='ocr_line' id='line_1_24' title="bbox 185 1531 1320 1579; baseline -0.004 -11"><span class='ocrx_word' id='word_1_188' title='bbox 185 1545 233 1568; x_wconf 75' lang='lat' dir='ltr'>tas</span> <span class='ocrx_word' id='word_1_189' title='bbox 256 1534 438 1579; x_wconf 89' lang='lat' dir='ltr'>unicuique</span> <span class='ocrx_word' id='word_1_190' title='bbox 463 1532 607 1564; x_wconf 82' lang='lat' dir='ltr'>discreta</span> <span class='ocrx_word' id='word_1_191' title='bbox 632 1541 791 1571; x_wconf 82' lang='lat' dir='ltr'>versatur,</span> <span class='ocrx_word' id='word_1_192' title='bbox 816 1540 849 1563; x_wconf 88' lang='lat' dir='ltr'>et</span> <span class='ocrx_word' id='word_1_193' title='bbox 876 1531 1090 1575; x_wconf 80' lang='lat' dir='ltr'>corruptibili</span> <span class='ocrx_word' id='word_1_194' title='bbox 1115 1531 1320 1576; x_wconf 87' lang='lat' dir='ltr'>corruptibi-</span> 
     </span>
     <span class='ocr_line' id='line_1_25' title="bbox 188 1592 1318 1642; baseline -0.004 -12"><span class='ocrx_word' id='word_1_195' title='bbox 188 1597 232 1630; x_wconf 78' lang='lat' dir='ltr'>lia</span> <span class='ocrx_word' id='word_1_196' title='bbox 256 1597 479 1642; x_wconf 72' lang='lat' dir='ltr'>praebentur3</span> <span class='ocrx_word' id='word_1_197' title='bbox 504 1592 757 1638; x_wconf 80' lang='lat' dir='ltr'>incorruptibili</span> <span class='ocrx_word' id='word_1_198' title='bbox 783 1605 863 1624; x_wconf 81' lang='lat' dir='ltr'>vero</span> <span class='ocrx_word' id='word_1_199' title='bbox 893 1592 1166 1638; x_wconf 81' lang='lat' dir='ltr'>incorruptibilia</span> <span class='ocrx_word' id='word_1_200' title='bbox 1188 1607 1318 1637; x_wconf 87' lang='lat' dir='ltr'>propo-</span> 
     </span>
     <span class='ocr_line' id='line_1_26' title="bbox 187 1654 1316 1700; baseline -0.003 -10"><span class='ocrx_word' id='word_1_201' title='bbox 187 1667 322 1690; x_wconf 86' lang='lat' dir='ltr'>nuntur.</span> <span class='ocrx_word' id='word_1_202' title='bbox 370 1656 470 1689; x_wconf 84' lang='lat' dir='ltr'>Unde</span> <span class='ocrx_word' id='word_1_203' title='bbox 495 1655 634 1695; x_wconf 86' lang='lat' dir='ltr'>accidit,</span> <span class='ocrx_word' id='word_1_204' title='bbox 657 1664 695 1687; x_wconf 91' lang='lat' dir='ltr'>ut</span> <span class='ocrx_word' id='word_1_205' title='bbox 719 1654 944 1699; x_wconf 80' lang='lat' dir='ltr'>simpliciores</span> <span class='ocrx_word' id='word_1_206' title='bbox 970 1654 1106 1700; x_wconf 81' lang='lat' dir='ltr'>quidam</span> <span class='ocrx_word' id='word_1_207' title='bbox 1131 1655 1316 1688; x_wconf 82' lang='lat' dir='ltr'>nescientes</span> 
     </span>
     <span class='ocr_line' id='line_1_27' title="bbox 186 1716 1318 1762; baseline -0.004 -10"><span class='ocrx_word' id='word_1_208' title='bbox 186 1718 392 1761; x_wconf 85' lang='lat' dir='ltr'>distinguere</span> <span class='ocrx_word' id='word_1_209' title='bbox 422 1730 459 1750; x_wconf 83' lang='lat' dir='ltr'>ac</span> <span class='ocrx_word' id='word_1_210' title='bbox 482 1730 657 1750; x_wconf 88' lang='lat' dir='ltr'>secernere</span> <span class='ocrx_word' id='word_1_211' title='bbox 688 1730 773 1761; x_wconf 84' lang='lat' dir='ltr'>quae</span> <span class='ocrx_word' id='word_1_212' title='bbox 797 1717 874 1757; x_wconf 78' lang='lat' dir='ltr'>sint,</span> <span class='ocrx_word' id='word_1_213' title='bbox 899 1729 983 1762; x_wconf 85' lang='lat' dir='ltr'>quae</span> <span class='ocrx_word' id='word_1_214' title='bbox 1004 1716 1037 1749; x_wconf 85' lang='lat' dir='ltr'>in</span> <span class='ocrx_word' id='word_1_215' title='bbox 1061 1716 1244 1761; x_wconf 78' lang='lat' dir='ltr'>Scripturis</span> <span class='ocrx_word' id='word_1_216' title='bbox 1268 1716 1318 1749; x_wconf 90' lang='lat' dir='ltr'>di-</span> 
     </span>
     <span class='ocr_line' id='line_1_28' title="bbox 186 1777 1316 1824; baseline -0.002 -11"><span class='ocrx_word' id='word_1_217' title='bbox 186 1781 271 1813; x_wconf 83' lang='lat' dir='ltr'>vinis</span> <span class='ocrx_word' id='word_1_218' title='bbox 295 1779 449 1813; x_wconf 85' lang='lat' dir='ltr'>interiori</span> <span class='ocrx_word' id='word_1_219' title='bbox 473 1778 615 1819; x_wconf 84' lang='lat' dir='ltr'>homini,</span> <span class='ocrx_word' id='word_1_220' title='bbox 640 1792 724 1824; x_wconf 77' lang='lat' dir='ltr'>quae</span> <span class='ocrx_word' id='word_1_221' title='bbox 750 1792 830 1811; x_wconf 74' lang='lat' dir='ltr'>vero</span> <span class='ocrx_word' id='word_1_222' title='bbox 857 1777 1016 1811; x_wconf 81' lang='lat' dir='ltr'>exteriori</span> <span class='ocrx_word' id='word_1_223' title='bbox 1033 1778 1225 1823; x_wconf 81' lang='lat' dir='ltr'>deputanda</span> <span class='ocrx_word' id='word_1_224' title='bbox 1237 1778 1316 1820; x_wconf 79' lang='lat' dir='ltr'>sint,</span> 
     </span>
     <span class='ocr_line' id='line_1_29' title="bbox 184 1840 1316 1885; baseline -0.002 -11"><span class='ocrx_word' id='word_1_225' title='bbox 184 1842 431 1875; x_wconf 79' lang='lat' dir='ltr'>vocabulorum</span> <span class='ocrx_word' id='word_1_226' title='bbox 455 1841 733 1874; x_wconf 82' lang='lat' dir='ltr'>similitudinibus</span> <span class='ocrx_word' id='word_1_227' title='bbox 765 1840 840 1874; x_wconf 87' lang='lat' dir='ltr'>salsi</span> <span class='ocrx_word' id='word_1_228' title='bbox 865 1841 907 1873; x_wconf 81' lang='lat' dir='ltr'>ad</span> <span class='ocrx_word' id='word_1_229' title='bbox 931 1840 1061 1885; x_wconf 79' lang='lat' dir='ltr'>ineptas</span> <span class='ocrx_word' id='word_1_230' title='bbox 1085 1841 1243 1885; x_wconf 81' lang='lat' dir='ltr'>quasdam</span> <span class='ocrx_word' id='word_1_231' title='bbox 1268 1841 1316 1872; x_wconf 82' lang='lat' dir='ltr'>sa-</span> 
     </span>
     <span class='ocr_line' id='line_1_30' title="bbox 183 1902 1317 1947; baseline -0.003 -10"><span class='ocrx_word' id='word_1_232' title='bbox 183 1904 279 1937; x_wconf 68' lang='lat' dir='ltr'>bulas</span> <span class='ocrx_word' id='word_1_233' title='bbox 303 1913 338 1936; x_wconf 87' lang='lat' dir='ltr'>et</span> <span class='ocrx_word' id='word_1_234' title='bbox 361 1904 518 1946; x_wconf 83' lang='lat' dir='ltr'>figmenta</span> <span class='ocrx_word' id='word_1_235' title='bbox 542 1902 652 1936; x_wconf 81' lang='lat' dir='ltr'>inania</span> <span class='ocrx_word' id='word_1_236' title='bbox 674 1916 709 1936; x_wconf 87' lang='lat' dir='ltr'>se</span> <span class='ocrx_word' id='word_1_237' title='bbox 740 1902 958 1942; x_wconf 85' lang='lat' dir='ltr'>contulerint,</span> <span class='ocrx_word' id='word_1_238' title='bbox 982 1912 1019 1935; x_wconf 82' lang='lat' dir='ltr'>ut</span> <span class='ocrx_word' id='word_1_239' title='bbox 1044 1902 1145 1935; x_wconf 77' lang='lat' dir='ltr'>etiam</span> <span class='ocrx_word' id='word_1_240' title='bbox 1162 1911 1241 1947; x_wconf 81' lang='lat' dir='ltr'>post</span> <span class='ocrx_word' id='word_1_241' title='bbox 1264 1914 1317 1935; x_wconf 86' lang='lat' dir='ltr'>re-</span> 
     </span>
     <span class='ocr_line' id='line_1_31' title="bbox 183 1964 1315 2010; baseline -0.002 -12"><span class='ocrx_word' id='word_1_242' title='bbox 183 1964 427 1998; x_wconf 80' lang='lat' dir='ltr'>surrectionem</span> <span class='ocrx_word' id='word_1_243' title='bbox 463 1964 547 1998; x_wconf 82' lang='lat' dir='ltr'>cibis</span> <span class='ocrx_word' id='word_1_244' title='bbox 579 1964 814 2010; x_wconf 74' lang='lat' dir='ltr'>corporalibus</span> <span class='ocrx_word' id='word_1_245' title='bbox 845 1965 1010 1996; x_wconf 87' lang='lat' dir='ltr'>utendum</span> <span class='ocrx_word' id='word_1_246' title='bbox 1038 1965 1230 2005; x_wconf 84' lang='lat' dir='ltr'>crederent,</span> <span class='ocrx_word' id='word_1_247' title='bbox 1252 1977 1315 2008; x_wconf 86' lang='lat' dir='ltr'>po-</span> 
     </span>
    </p>
   </div>
   <div class='ocr_carea' id='block_1_3' title="bbox 180 2025 1314 2072">
    <p class='ocr_par' dir='ltr' id='par_1_3' title="bbox 180 2025 1314 2072">
     <span class='ocr_line' id='line_1_32' title="bbox 180 2025 1314 2072; baseline -0.001 -13"><span class='ocrx_word' id='word_1_248' title='bbox 180 2036 320 2072; x_wconf 82' lang='lat' dir='ltr'>tumque</span> <span class='ocrx_word' id='word_1_249' title='bbox 344 2027 545 2059; x_wconf 79' lang='lat' dir='ltr'>sumendum</span> <span class='ocrx_word' id='word_1_250' title='bbox 570 2039 638 2058; x_wconf 91' lang='lat' dir='ltr'>non</span> <span class='ocrx_word' id='word_1_251' title='bbox 663 2025 775 2058; x_wconf 90' lang='lat' dir='ltr'>solum</span> <span class='ocrx_word' id='word_1_252' title='bbox 801 2039 840 2058; x_wconf 80' lang='lat' dir='ltr'>ex</span> <span class='ocrx_word' id='word_1_253' title='bbox 862 2026 922 2059; x_wconf 83' lang='lat' dir='ltr'>illa</span> <span class='ocrx_word' id='word_1_254' title='bbox 946 2025 1013 2059; x_wconf 81' lang='lat' dir='ltr'>vite</span> <span class='ocrx_word' id='word_1_255' title='bbox 1031 2039 1108 2060; x_wconf 72' lang='lat' dir='ltr'>vera</span> <span class='ocrx_word' id='word_1_256' title='bbox 1126 2035 1160 2059; x_wconf 87' lang='lat' dir='ltr'>et</span> <span class='ocrx_word' id='word_1_257' title='bbox 1183 2025 1314 2059; x_wconf 84' lang='lat' dir='ltr'>vivente</span> 
     </span>
    </p>
   </div>
   <div class='ocr_carea' id='block_1_4' title="bbox 273 2154 866 2310">
    <p class='ocr_par' dir='ltr' id='par_1_4' title="bbox 273 2154 866 2310">
     <span class='ocr_line' id='line_1_33' title="bbox 277 2154 866 2198; baseline 0.003 -12"><span class='ocrx_word' id='word_1_258' title='bbox 277 2156 308 2198; x_wconf 89' lang='lat'>¹)</span> <span class='ocrx_word' id='word_1_259' title='bbox 336 2155 406 2191; x_wconf 80' lang='lat' dir='ltr'>Cfr.</span> <span class='ocrx_word' id='word_1_260' title='bbox 432 2169 480 2188; x_wconf 82' lang='lat' dir='ltr'>ev.</span> <span class='ocrx_word' id='word_1_261' title='bbox 507 2156 628 2188; x_wconf 82' lang='lat' dir='ltr'>Joaun.</span> <span class='ocrx_word' id='word_1_262' title='bbox 654 2154 712 2195; x_wconf 82' lang='lat' dir='ltr'>Vl,</span> <span class='ocrx_word' id='word_1_263' title='bbox 736 2155 788 2190; x_wconf 75' lang='grc'>41.</span> <span class='ocrx_word' id='word_1_264' title='bbox 813 2156 866 2190; x_wconf 90' lang='lat'>51.</span> 
     </span>
     <span class='ocr_line' id='line_1_34' title="bbox 273 2210 702 2252; baseline 0.002 -10"><span class='ocrx_word' id='word_1_265' title='bbox 273 2210 307 2252; x_wconf 83' lang='lat'>²)</span> <span class='ocrx_word' id='word_1_266' title='bbox 331 2210 394 2244; x_wconf 85' lang='lat' dir='ltr'>Ev.</span> <span class='ocrx_word' id='word_1_267' title='bbox 420 2212 540 2244; x_wconf 79' lang='lat' dir='ltr'>Joann.</span> <span class='ocrx_word' id='word_1_268' title='bbox 568 2212 625 2251; x_wconf 86' lang='lat' dir='ltr'>IV,</span> <span class='ocrx_word' id='word_1_269' title='bbox 652 2211 702 2246; x_wconf 79' lang='lat'>14.</span> 
     </span>
     <span class='ocr_line' id='line_1_35' title="bbox 273 2265 864 2310; baseline 0.007 -14"><span class='ocrx_word' id='word_1_270' title='bbox 273 2265 308 2310; x_wconf 80' lang='lat'>³)</span> <span class='ocrx_word' id='word_1_271' title='bbox 332 2265 438 2300; x_wconf 86' lang='lat' dir='ltr'>Deest</span> <span class='ocrx_word' id='word_1_272' title='bbox 466 2267 551 2300; x_wconf 75' lang='lat' dir='ltr'>»ei«</span> <span class='ocrx_word' id='word_1_273' title='bbox 579 2267 613 2300; x_wconf 92' lang='lat' dir='ltr'>in</span> <span class='ocrx_word' id='word_1_274' title='bbox 638 2267 713 2301; x_wconf 84' lang='lat' dir='ltr'>edd.</span> <span class='ocrx_word' id='word_1_275' title='bbox 738 2267 864 2301; x_wconf 88' lang='lat' dir='ltr'>Huetii.</span> 
     </span>
    </p>
   </div>
  </div>
 </body>
</html>
