1403 2492
370 100 683 133 ORIGEMANORUM
718 97 829 131 Lnsmt
854 98 899 130 ΙΙ.
1154 95 1194 130 91

62 199 177 223 contra
202 189 324 230 Pelag.,
353 198 386 221 ct
409 189 444 221 in
458 188 616 221 Prooem.
634 186 828 219 Comment.
854 187 887 219 in
910 187 1035 219 Jercm.
1061 185 1119 219 lib.
1138 186 1195 218 lV.

61 251 248 284 distinxisse
274 251 332 284 illa
357 251 442 290 duo,
482 249 676 282 facultatem
701 249 824 281 habere
848 261 917 281 non
948 247 1127 292 peccandi,
1165 257 1197 280 ct

61 327 128 346 non
159 313 281 346 habere
315 313 509 345 facultatem
542 311 723 355 peccandi3
761 311 827 343 hoc
861 319 930 352 est,
973 322 1098 355 »posse
1127 322 1197 342 non

58 387 232 418 peccare,«
260 384 293 406 et
319 387 406 407 »non
431 386 530 419 posse
555 385 725 417 peccarem
762 372 920 416 Quorum
945 372 1088 405 alterurn
1115 384 1132 403 e
1157 371 1197 404 li-

61 437 143 468 bero
168 436 294 480 pendet
317 435 477 475 arbitrio,
513 447 580 479 quo
614 435 669 474 fit,
701 443 739 466 ut
761 434 930 478 possimus
952 446 1112 478 peccare,
1143 432 1197 466 vel

60 510 127 529 non
152 510 309 542 peccare,
346 496 468 540 gratiae
506 497 612 529 modo
644 497 687 529 ad
718 496 756 528 id
794 504 1008 541 postremum
1038 504 1197 540 suppetat

59 559 239 601 auxilium;
270 559 412 592 alterum
445 571 525 591 vero
563 558 693 590 arbitrii
717 557 854 590 humani
877 557 1069 590 libertatem
1092 557 1196 598 tollit,

60 630 93 653 ct
118 634 135 653 a
159 620 400 654 Valentinianis
424 620 710 664 propugnabatur‚
735 619 793 664 qui
815 619 971 652 homines
991 631 1196 664 πνευματι-

60 681 144 721 κοὺς
180 682 250 728 ejus
288 695 358 714 esse
394 682 556 714 volebant
586 691 742 722 naturae,
777 694 862 726 quae
890 690 1070 726 peccatum
1098 681 1195 714 nullo

61 745 165 777 modo
189 744 372 788 reciperet:
396 743 489 787 quod
514 744 654 785 dogma,
679 743 911 788 dogmatisque
942 752 1096 775 auctores
1119 755 1197 787 per-

60 805 170 849 petuis
193 805 448 838 velitationibus
473 805 637 846 Origenes
659 806 817 847 urgebat;
840 817 1012 849 nunquam
1035 817 1106 836 non
1130 804 1197 837 hoc

60 866 240 907 inculcans,
264 867 394 899 nullam
419 878 490 898 esse
514 875 678 905 naturam,
703 879 788 911 quae
811 879 881 899 non
904 866 948 899 sit
962 865 1046 898 boni
1065 874 1099 898 et
1114 866 1196 899 mali

59 940 179 972 capax,
203 930 295 962 adeo·
314 938 352 961 ut
374 941 416 961 ne
440 927 507 972 ipsi
532 928 671 973 quidem
694 928 805 970 angeli
829 940 847 961 a
870 937 1026 972 peccato,
1051 928 1198 972 peccati-

60 1002 125 1034 que
150 990 270 1035 poenis
284 1000 405 1023 ‘essent
427 989 606 1022 immunes.
652 990 838 1035 Perperam
863 1002 943 1031 ergo
968 989 1198 1036 Hieronymus

60 1051 92 1083 in
119 1064 171 1096 ep.
196 1054 236 1084 ad
265 1052 414 1097 Ctesiph.
442 1065 513 1096 cap.
539 1052 566 1086 1.
593 1050 861 1098 ἀναμάρτητον,
883 1052 976 1085 idem
996 1065 1066 1085 esse
1093 1062 1197 1092 retur,

59 1113 170 1157 quod,
205 1113 301 1146 »sine
333 1122 523 1158 peccat03«
555 1126 634 1146 nam
658 1112 915 1161 ἀναμάρτητον
938 1123 1005 1153 est,
1032 1114 1197 1159 »incapax

60 1174 235 1217 peccati2«
267 1176 438 1220 perfectos
469 1184 594 1210 autem¹
613 1188 682 1207 non
707 1175 882 1219 incapaces
905 1175 1038 1219 peccati
1060 1177 1198 1209 volebat

61 1234 235 1276 Origenes,
259 1249 370 1281 neque
395 1236 569 1278 Pelagius,
593 1237 652 1269 sed
676 1246 816 1281 peccato
842 1249 954 1269 carere
978 1250 1094 1281 posse;
1125 1238 1196 1272 imo

62 1309 142 1329 vero
166 1299 383 1342 praedicabat
407 1298 562 1339 Pelagius
586 1312 656 1331 non
681 1298 716 1331 id
741 1298 810 1340 agi,
836 1307 949 1330 utrum
973 1299 1093 1343 aliquis
1118 1313 1197 1344 pec-

61 1359 125 1391 cati
148 1372 211 1403 per
233 1369 341 1392 totam
363 1360 467 1392 vitam
492 1359 610 1392 fuisset
634 1373 764 1400 exsors,
799 1360 859 1391 sed
894 1369 1008 1391 utrum
1042 1361 1196 1395 homines

59 1421 190 1466 peccati
212 1431 362 1454 exsortes
386 1433 456 1454 esse
482 1430 622 1465 queant,
658 1421 752 1465 quod
784 1433 846 1464 per
869 1421 1001 1454 arbitrii
1025 1421 1124 1455 liberi
1149 1423 1198 1456 vi-

59 1495 112 1514 res
136 1482 209 1515 fieri
233 1495 334 1527 posse
358 1483 563 1525 affirmabat3
589 1492 622 1515 et
634 1482 854 1516 Adamantius
872 1495 1008 1527 quoque
1024 1484 1197 1518 neminem

59 1545 128 1577 sine
152 1554 294 1590 peccato
320 1544 438 1578 vixisse
462 1546 621 1589 putabat,
655 1554 693 1578 ut
722 1557 823 1589 supra
853 1544 932 1580 dixi,
991 1546 1098 1590 Atqui
1122 1547 1197 1580 fieri

60 1620 159 1652 posse
188 1620 258 1640 non
289 1608 432 1649 negabat
452 1607 677 1648 Augustinus,
714 1615 752 1639 ut
786 1619 855 1639 esse
886 1616 1001 1650 posset
1031 1608 1136 1641 homo
1162 1609 1197 1642 in

60 1670 121 1702 hac
145 1669 213 1702 vita
237 1669 307 1702 sine
331 1678 493 1714 peccato,
526 1669 562 1701 id
585 1669 692 1701 modo
717 1669 841 1711 gratiae
864 1669 990 1701 auxilio
1005 1696 1014 1709 ‚
1046 1683 1116 1702 non
1140 1684 1198 1703 na-

61 1740 152 1764 turae
175 1731 302 1763 viribus
324 1731 508 1763 referretur
531 1739 725 1774 acceptum:
753 1732 866 1763 »Nam
890 1731 948 1774 qui
971 1731 1119 1773 dicunt‚«
1147 1734 1197 1766 in-

62 1793 132 1836 quit
155 1793 213 1826 lib.
240 1794 281 1826 de
306 1802 434 1837 peccat.
459 1805 541 1825 ruer.
569 1791 644 1825 libr.
671 1793 714 1825 II.
744 1805 815 1837 cap.
840 1792 890 1832 6.,
917 1805 1014 1825 »esse
1039 1806 1139 1837 posse
1163 1793 1197 1826 in

62 1854 121 1885 hac
144 1855 212 1887 vita
235 1855 406 1887 hominem
431 1855 502 1886 sine
526 1863 687 1898 peccato,
718 1867 787 1886 non
819 1864 870 1886 est
892 1855 933 1886 iis
957 1855 1121 1887 continuo
1146 1855 1197 1888 in-

64 1923 157 1947 cauta
180 1917 367 1949 temeritate
394 1916 637 1948 obsistendum.
695 1915 733 1949 Si
766 1917 856 1948 enim
881 1928 951 1948 esse
975 1928 1074 1960 posse
1098 1929 1199 1960 nega—

65 1976 221 2016 verimus,
246 1986 279 2009 et
302 1977 449 2010 hominis
473 1979 582 2010 libero
607 1977 767 2016 arbitrio,
793 1978 851 2023 qui
878 1978 943 2010 hoc
967 1979 1115 2012 volendo
1139 1992 1196 2024 ap-

64 2038 160 2082 petit,
186 2047 218 2070 et
241 2038 308 2070 Dei
331 2039 446 2072 virtuti
471 2040 524 2072 vel
547 2039 810 2079 misericordiae,
836 2040 894 2084 qui
918 2040 982 2072 hoc
1007 2040 1196 2086 adjuvando

64 2100 179 2140 efficit,
206 2099 448 2143 derogabimus.
459 2114 476 2129 «
525 2102 596 2134 Nec
627 2101 705 2134 satis
734 2101 875 2147 proprie
907 2102 998 2134 idem
1030 2101 1198 2148 Hierony-

64 2174 137 2194 mus
169 2161 204 2193 in
236 2161 394 2194 Prooem.
426 2162 501 2195 libr.
537 2164 598 2198 IV.
635 2163 967 2197 Commentariorum
1007 2163 1041 2196 in
1071 2164 1196 2197 Jerem.

65 2224 342 2269 ἀντιμαρῖησίαν
380 2224 564 2258 reddidisse
597 2225 748 2269 videtur,
789 2226 1119 2270 »impeccantiam‚«
1162 2227 1197 2259 id

47 2294 128 2329 φεῖ,
163 2299 257 2318 »non
289 2299 475 2330 peccarem
515 2288 608 2331 quod
637 2288 847 2336 reddendum
877 2298 969 2321 erat:
1004 2288 1198 2332 »impecca-

65 2346 269 2386 bilitaten·,«
298 2348 331 2379 id
359 2357 418 2387 est,
446 2362 539 2381 „non
566 2362 662 2391 posse
688 2363 864 2393 peccarc,«
915 2351 1096 2394 Perpcram
1115 2362 1198 2393 quo-
