1403 2492
170 92 215 126 50
511 89 625 123 Pertu
657 90 828 124 Damus
860 89 992 124 Hom-11

169 181 326 227 periculo
351 179 471 224 quovis
497 180 692 220 defendere,
717 181 801 214 hanc
827 181 987 214 adhibere
1007 181 1196 226 poterimus
1218 195 1312 216 exee-

171 243 344 289 ptionem:
372 241 524 286 quamvis
546 243 712 276 humanae
738 243 824 276 vires
850 243 1015 276 libertatis
1040 257 1102 289 per
1122 245 1242 278 Adam}
1267 245 1315 279 la·

171 318 270 350 psum
296 304 458 338 infractae
483 317 520 338 ac
545 305 743 338 debilitatae
767 305 849 345 sint,
881 315 1034 339 naturam
1064 316 1178 340 tamen
1205 308 1313 354 ipsam

172 367 337 400 libertatis
362 366 454 400 illius
479 380 572 400 suam
598 380 744 400 servasse
769 367 1014 410 integritatem;
1039 381 1102 402 nec
1113 369 1218 402 ullam
1235 383 1317 415 pro-

172 429 252 463 inde
278 429 439 472 signatam
465 442 534 462 esse
567 430 607 462 ab
633 429 781 472 Origene
813 429 1065 463 distinctionem
1098 430 1186 464 inter
1215 432 1313 465 liber-

175 608 273 644 paret
295 598 445 644 primum
471 598 557 632 illud
581 608 719 631 naturae
738 599 949 632 rationabilis
971 612 1068 645 opus,
1093 599 1186 645 quod
1208 599 1318 633 aDeo

175 656 304 689 factum
330 664 396 695 est,
421 655 523 688 fuisse
548 664 691 697 rectum,
717 665 750 688 et
774 655 808 688 in
833 655 887 689 via
911 666 1002 689 recta
1027 656 1187 690 creatoris
1212 656 1317 702 ipsius

175 725 317 746 munere
344 711 564 745 collocatum.
613 712 683 745 Sed
709 712 788 756 quia
812 712 853 744 ab
878 712 940 745 hac
965 713 1006 746 ad
1031 713 1163 746 laevam
1186 713 1319 758 peccati

174 769 239 802 iter
264 767 416 808 detorsit,
442 763 566 800 merito
599 781 688 802 nunc
713 768 839 802 dicitur
863 768 1064 803 declinasse:
1094 769 1182 802 sicut
1206 782 1319 802 exem-

168 827 228 872 plo
255 835 304 859 est
334 824 463 870 primus
497 826 601 858 homo
636 825 767 865 Adam,
800 825 858 871 qui
892 825 933 858 de
971 825 1117 870 paradisi
1149 825 1201 859 via
1225 835 1318 858 recta

168 883 257 916 male
282 895 397 915 suasus
421 882 540 915 fraude
564 882 730 928 serpentis
763 882 815 914 ad·
830 894 947 926 pravas
974 891 1006 914 et
1029 890 1200 914 tortuosas
1222 895 1317 915 mor-

169 939 244 972 talis
268 939 356 972 vitae
383 938 517 971 semitas
544 938 736 971 declinavit.
785 938 1042 983 Consequenter
1072 950 1151 980 ergo
1186 950 1315 978 ornnes,

171 996 229 1041 qui
256 1009 293 1029 ex
318 995 424 1041 ipsius
448 994 662 1028 successione
687 995 720 1027 in
746 994 835 1026 hunc
859 995 1024 1028 mundum
1039 995 1189 1035 veniunt,
1215 995 1320 1028 decli-

169 1062 351 1092 navernnt‚
383 1061 415 1084 et
449 1051 549 1084 simul
584 1064 660 1083 cum
685 1050 760 1095 ipso
785 1050 921 1084 inutiles
946 1052 1164 1085 sactbeunm
1213 1051 1319 1084 Vides

171 1119 294 1142 statum
327 1118 466 1141 naturae
504 1107 652 1148 integrae
685 1120 702 1140 a
734 1116 822 1139 statu
852 1116 990 1140 naturae
1022 1108 1134 1152 lapsae
1165 1117 1318 1140 accurate

172 1165 381 1198 distinctum.
419 1163 643 1196 Luculentior
656 1163 766 1196 adhuc
783 1172 887 1197 exstat
908 1164 1004 1196 locus
1023 1165 1108 1197 alter
1124 1165 1158 1197 in
1183 1164 1243 1198 lib.
1261 1164 1317 1197 W.

175 1222 369 1255 Comment.
386 1220 422 1253 in
438 1220 533 1253 Cant.
554 1219 724 1253 Canticor.
741 1220 782 1252 ad
803 1221 886 1252 haec
900 1221 1019 1254 verba:
1047 1235 1064 1250 ν
1077 1221 1232 1254 »Vineae
1254 1221 1318 1253 flo-

169 1288 281 1311 rentes
307 1279 475 1311 dederunt
496 1278 641 1309 odorem
665 1290 775 1309 suum.
789 1290 836 1308 ««
864 1277 978 1321 (Cant.
998 1277 1168 1311 Canticor.
1185 1277 1227 1317 Π,
1246 1276 1318 1320 13.)

172 1336 276 1368 »Non
309 1334 379 1366 sine
411 1346 554 1373 causa‚«
595 1333 724 1377 inquit,
771 1342 883 1377 »puto
918 1334 1012 1378 quod
1049 1347 1119 1368 non
1151 1333 1315 1367 dixerim«

174 1408 192 1423 n
205 1391 377 1423 »odorem
394 1389 637 1426 dedet-unum<
669 1390 803 1421 »seth«
833 1404 849 1418 υ
863 1390 1034 1423 »odorem
1047 1404 1193 1423 suumz«
1207 1406 1224 1421 «
1253 1399 1319 1423 »ut

171 1447 367 1480 ostenderet
398 1446 505 1479 inesse
539 1445 660 1491 cuique
683 1445 812 1478 animae
838 1445 906 1479 vim
931 1446 1185 1491 possibilitatis,
1211 1455 1245 1479 et
1268 1459 1319 1478 ar-

168 1503 262 1537 bitrii
287 1503 490 1543 libertatem,
515 1515 579 1548 qua
604 1501 711 1547 possit
738 1514 834 1543 agere
861 1515 962 1535 omne
987 1503 1080 1547 quod
1104 1504 1234 1536 bonum
1259 1511 1318 1535 est.

171 1560 242 1594 Sed
275 1560 353 1605 quia
384 1559 449 1592 hoc
480 1568 619 1591 naturae
650 1559 780 1591 bonum
812 1558 1110 1603 praevaricationis
1140 1558 1319 1592 occasione

170 1616 383 1661 decerptum,
410 1616 465 1648 vel
490 1615 531 1647 ad
556 1613 789 1657 ignominiam,
815 1613 870 1646 vel
895 1614 1066 1648 lasciviam
1091 1616 1201 1648 fuerat
1223 1614 1320 1647 infle-

171 1687 269 1713 xum,
300 1672 360 1706 ubi
392 1685 456 1717 per
479 1664 620 1713 gratiam'
641 1679 832 1716 reparatur,
867 1680 900 1703 et
923 1683 986 1715 per
1009 1671 1199 1704 doctrinam
1223 1670 1319 1704 verbi

173 1730 243 1763 Dei
268 1728 475 1767 restituitur,
514 1728 659 1760 odorem
695 1726 809 1760 reddit
834 1727 904 1759 sine
930 1727 1036 1760 dubio
1061 1727 1180 1768 illum,
1217 1740 1318 1772 quem

171 1785 302 1831 primus
334 1784 494 1819 conditor
524 1783 621 1816 Deus
652 1782 841 1823 indiderat,
876 1784 935 1816 sed
959 1784 1092 1828 peccati
1115 1783 1215 1828 culpa
1239 1784 1319 1816 sub-

170 1850 325 1875 traxerat.
336 1854 354 1869 <t
394 1840 549 1873 Eandem
566 1838 646 1881 ergo
664 1848 741 1871 ante
767 1849 800 1872 et
819 1849 898 1883 post
912 1839 1036 1873 Adami
1060 1839 1191 1884 lapsum
1216 1852 1319 1882 agno-

170 1897 233 1931 scit
259 1897 423 1939 Origenes
448 1895 548 1928 liberi
571 1894 702 1927 arbitrii
726 1904 896 1934 naturam,
927 1895 986 1927 sed
1016 1908 1085 1928 non
1110 1896 1245 1928 easdem
1271 1896 1318 1929 vi-

169 1966 233 1994 res,
258 1966 320 1986 nec
345 1966 406 1997 par
429 1953 535 1985 robur
559 1952 600 1983 ad
624 1951 753 1982 bonum
786 1950 1045 1994 assequendum.
1093 1951 1183 1985 Hinc
1206 1952 1317 1997 sequi-

171 2020 236 2048 tur,
263 2010 371 2054 ipsum
398 2007 545 2042 hominis
571 2007 655 2051 lapsi
679 2007 873 2040 libertatem
897 2006 1020 2039 nonin
1037 2007 1251 2041 indifferenti
1275 2009 1317 2042 ad

170 2067 299 2098 bonum
327 2066 380 2097 vel
406 2066 532 2097 malum
557 2063 788 2107 propensione
816 2064 1013 2102 collocasse,
1036 2063 1096 2096 sed
1120 2063 1154 2096 in
1179 2064 1317 2097 indiffe-

171 2121 256 2154 remi
289 2123 375 2153 bene
409 2121 461 2152 vel
492 2118 580 2151 male
606 2120 723 2160 agendi
756 2129 935 2164 potestate.
986 2118 1089 2151 Aliud
1115 2128 1164 2151 est
1192 2130 1315 2164 »pote-

169 2187 244 2216 stas,
256 2190 273 2204 «
301 2176 392 2209 aliud
428 2174 690 2220 »propensiom
725 2178 843 2209 eadem
881 2185 930 2208 est
962 2175 995 2207 in
1028 2174 1183 2220 quolibet
1213 2169 1312 2217 statu,

168 2233 258 2278 juxta
283 2232 482 2275 Origenem,
516 2231 601 2263 bene
629 2232 680 2263 vel
708 2232 795 2264 male
819 2231 938 2275 agendi
962 2239 1127 2276 potestas,
1159 2231 1217 2264 sed
1242 2244 1310 2264 non

167 2289 282 2322 eadem
308 2300 434 2332 parque
459 2288 499 2320 ad
525 2289 652 2320 bonnm
679 2288 875 2331 propensio.
901 2287 942 2321 R.

1367 2216 1383 2228 X
