1403 2492
385 91 697 124 ΟκιαΕΝιΑΝοκυΜ
723 91 834 123 Lmen
862 91 903 122 11.
1136 91 1200 126 159

64 181 188 221 dicam,
211 182 353 214 saeculis
378 182 538 220 tolerata,
572 180 798 225 asperioribus
829 179 1123 213 emendationibus
1148 193 1200 213 re—

63 242 171 288 parati
196 252 229 276 et
253 243 410 284 restituti,
435 242 681 276 eruditionibus
708 242 818 287 primo
844 242 1019 283 angelicis,
1044 252 1114 274 tum
1142 243 1199 275 de·

63 304 144 337 inde
170 305 269 338 etiam
295 305 507 350 superiorum
524 304 554 345 ¹)
580 305 742 346 graduum
770 304 966 343 virtutibus,
998 313 1031 336 et
1061 304 1107 336 sic
1137 317 1199 348 per

65 365 192 407 singula
216 367 257 398 ad
282 366 453 411 superiora
479 365 643 410 provecti,
667 379 772 411 usque
797 367 837 398 ad
865 378 912 404 ea,
939 379 1024 410 quae
1047 375 1124 398 sunt
1149 365 1198 398 in-

64 427 208 460 visibilia
233 437 266 460 et
289 438 440 466 aeterna,
472 428 688 472 perveniant,
718 428 854 469 singulis
879 426 1040 460 videlicet
1062 427 1199 472 quibus—

65 502 130 533 que
153 490 352 522 coeiestium
376 490 535 521 virtutum
562 490 684 522 officiis
709 490 851 534 quadam
868 489 1058 521 eruditione
1075 490 1107 522 in
1123 502 1198 533 spe-

66 550 117 582 cie
142 551 333 595 peragratis.
379 551 427 584 Ex
453 565 532 596 quo,
557 561 595 584 ut
622 552 757 595 opinor,
782 552 845 583 hoe
864 551 1102 595 consequentia
1127 551 1197 595 ipsa

64 612 198 645 videtur
230 614 424 652 ostendere,
465 626 737 658 unamquamque
773 613 1008 646 rationabilem
1045 623 1198 645 naluram

62 686 161 717 posse
185 676 226 707 ab
249 687 318 707 uno
343 675 376 707 in
399 675 542 707 alterum
567 675 721 708 ordinem
738 675 772 719 ²)
790 685 1030 714 transeuntem,
1054 687 1117 720 per
1133 674 1199 707 sin-

64 736 160 776 gulos
182 736 216 769 in
242 749 370 777 omnes,
397 746 430 770 et
453 739 495 769 ab
513 738 670 771 omnibus
687 738 720 770 in
736 738 885 780 singulos
901 737 1089 782 pervenire,
1116 737 1196 769 dum

61 809 210 830 accessus
234 799 463 843 profectuum,
489 800 727 832 defectuumve
752 800 863 833 varios
887 812 951 844 pro
977 799 1125 831 motibus
1144 797 1196 830 vel

62 859 236 893 conatibus
258 861 408 905 propriis
431 862 659 907 unusquisque
684 875 748 907 pro
774 862 872 894 liberi
891 860 1020 894 arbitrii
1038 861 1197 893 facultate

61 921 282 966 pei-petitura(
329 923 505 956 Prolixum
530 924 645 956 locum
671 924 862 957 describere
887 935 1061 955 necessum
1084 921 1197 961 habui,

62 983 136 1027 quia
161 984 203 1016 ad
228 984 450 1026 origenianae
485 985 660 1018 doctrinae
697 987 956 1027 enodationem,
993 994 1027 1018 et
1055 997 1197 1029 sequen-

60 1043 144 1076 tium
169 1045 379 1078 intellectum
410 1049 551 1081 confert.

149 1107 188 1137 V.
236 1107 309 1139 Jam
336 1122 415 1141 vero
443 1108 631 1154 cujusmodi
663 1123 791 1153 poenas
822 1111 950 1142 suturas
975 1109 1131 1153 opinatus
1154 1108 1197 1140 sit

62 1168 234 1209 Origenes,
260 1169 443 1202 videamus.
493 1171 604 1212 ignem
629 1171 725 1203 illum
746 1181 930 1209 aeternum,
955 1172 989 1202 in
1015 1183 1116 1214 quem
1144 1182 1197 1201 ca-

63 1229 157 1273 pitali
182 1230 306 1265 Christi
332 1232 470 1264 decreto
495 1232 593 1277 impii
617 1233 774 1265 mittendi
799 1242 885 1271 sunt,
910 1232 995 1264 nihil
1019 1232 1111 1264 aliud
1127 1244 1196 1264 esse

62 1301 151 1325 ratus
169 1302 231 1332 est,
257 1306 357 1338 quam
375 1294 600 1327 conscientiae
614 1307 774 1327 vermem.
813 1294 1018 1327 consulatur
1035 1302 1134 1338 caput
1151 1293 1192 1325 X.

62 1353 138 1386 libri
163 1355 206 1387 IL
234 1355 274 1387 de
300 1354 449 1400 Princip.
475 1369 554 1388 num
588 1357 636 1395 4.,
672 1369 739 1401 quo
765 1356 798 1387 id
825 1365 1056 1397 argumentum
1082 1368 1193 1387 excus-

56 1416 118 1449 sit:
144 1416 190 1448 ibi
215 1416 260 1449 ait
283 1426 472 1450 revocatam
499 1418 611 1450 divina
643 1418 785 1455 virtute,
818 1427 850 1450 et
882 1419 926 1449 ob
952 1415 1072 1449 oculos¹
1097 1417 1193 1461 impii

58 1477 202 1520 positam
238 1488 454 1521 peccatorum
495 1481 714 1519 memoriam,
758 1500 798 1505 --
842 1479 931 1524 juxta
968 1479 1055 1511 illud
1098 1479 1193 1516 Pauli

61 1539 157 1572 Rom.
182 1539 224 1579 ΙΙ,
250 1539 301 1574 15.
327 1540 378 1575 16.
430 1542 572 1574 »„1nter
603 1555 636 1574 se
667 1541 812 1574 invicem
847 1541 1109 1584 cogitationibus
1139 1554 1193 1574 ac-

57 1601 257 1641 cusantibus,
281 1612 337 1635 aut
363 1603 462 1636 etiam
488 1604 764 1643 defendentibus,
789 1603 823 1636 in
849 1603 913 1644 die,
937 1617 1042 1648 quum
1067 1604 1194 1649 judica-

57 1662 107 1695 bit
130 1663 225 1696 Deus
256 1666 388 1698 occulta
418 1666 595 1698 hominum
621 1662 729 1706 -—'‚««
765 1676 913 1699 mentem
946 1665 1016 1711 ejus
1046 1666 1193 1699 stimulis

56 1738 215 1769 pungere,
239 1735 276 1758 ut
300 1725 351 1758 sui
374 1726 446 1771 ipsa
471 1727 513 1759 sit
537 1728 720 1760 accusatrix
746 1737 779 1760 et
800 1728 911 1769 testis3
939 1741 1080 1773 eamque
1106 1730 1192 1761 adeo

56 1787 199 1820 flammis
222 1787 400 1821 ultricibus
423 1801 539 1821 urere:
572 1788 655 1830 ignis
685 1788 781 1834 hujus
805 1803 913 1822 escam
939 1803 1009 1822 esse
1033 1791 1193 1823 admissas

58 1857 135 1880 ante
155 1861 269 1889 noxas,
294 1862 374 1895 quas
398 1851 527 1884 idcirco
555 1851 739 1895 Apostolus
766 1851 871 1893 ligna,
898 1853 1046 1891 foenum,
1077 1861 1110 1885 et
1128 1841 1192 1885 *sti—

58 1911 172 1953 pulam
195 1911 400 1948 nominavit:
428 1912 502 1944 hinc
526 1913 689 1957 scripturn
716 1926 785 1946 esse
810 1914 899 1958 apud
921 1914 1065 1946 Jesaiam
1084 1915 1119 1954 L,
1134 1914 1190 1949 11.

61 1973 285 2005 „nAmbulnte
309 1973 342 2006 in
369 1975 493 2007 lumine
515 1974 599 2016 ignis
625 1975 744 2014 vestri,
781 1985 813 2008 et
838 1976 988 2016 flamma,
1014 1989 1112 2020 quam
1138 1990 1191 2010 ac-

58 2033 274 2067 cendistis.««
326 2035 411 2068 „Per
443 2049 527 2081 quos
552 2050 767 2078 sermones,«
794 2038 919 2083 inquit,
948 2039 1032 2071 »hoc
1058 2039 1191 2073 videtur

160 2178 190 2223 ¹)
213 2179 319 2213 Deest
347 2183 597 2226 »superiorum«
630 2184 663 2216 in
690 2185 764 2217 cdd.
789 2185 831 2217 H.

56 2278 67 2310 ¹
147 2236 182 2278 ²)
208 2235 294 2270 Edd.
323 2236 455 2270 Huetii:
497 2238 676 2272 »ordinem
709 2241 866 2279 transire,
908 2250 939 2272 ct
977 2253 1038 2284 per
1077 2241 1187 2283 singu-

70 2291 132 2312 05«
161 2289 226 2318 etc,
