1403 2492
174 67 237 100 130
514 73 627 108 Pin-m
652 75 826 107 DAmssus
851 73 981 106 Hos-ru

176 169 252 199 νην.
300 159 458 206 Denique
484 165 659 208 proditum
687 175 736 198 cst
761 166 802 197 ab
829 164 1025 208 Epiphanio
1045 173 1079 197 ct
1095 164 1319 210 Hieronymo,

175 217 259 252 hanc
292 221 398 265 ipsam
431 225 531 259 fuisse
572 227 775 266 Marcionis,
812 226 1028 271 aliorumque
1061 225 1320 259 naereticorum

177 280 219 312 de
245 286 490 320 resurrectione
515 289 632 322 falsam
660 288 871 322 seutentiam.

270 345 344 379 Vll.
394 348 558 392 Quamvis
583 364 724 384 crassam
757 350 851 382 illam
885 350 992 383 carnis
1017 351 1146 383 molem
1172 358 1206 384 et
1230 361 1324 382 com-

180 417 299 448 pagem
330 421 349 441 a
388 413 589 456 corporibus
628 412 868 445 resurrecturis
899 421 1067 446 secretum
1105 411 1146 444 iri
1184 411 1326 444 senserit

180 465 367 510 Origenes:
399 472 521 517 quibus
552 470 664 507 tamen
688 474 841 519 praedita
865 487 903 506 ea
934 475 1010 507 fore
1034 473 1252 520 qualitatibus
1275 485 1326 506 ra-

180 536 232 562 tus
256 530 310 570 sit,
339 546 416 566 cum
441 546 635 578 resurgent,
666 549 766 582 quam
791 549 886 581 passa
910 535 1155 576 mutationem,
1187 547 1252 580 qua
1275 533 1326 566 in—

178 599 303 626 structa
329 597 450 636 forma,
475 610 543 629 non
568 598 645 630 satis
671 599 840 644 liquidum
861 607 921 631 est.
960 599 1212 643 Nonnunquam
1238 596 1328 630 enim

180 654 377 690 suscitatum
404 659 444 690 iri
469 661 606 699 eadem,
637 661 816 694 subtiliora
840 660 921 693 licet
946 673 983 692 ac
1007 659 1255 704 splendidiora,
1279 672 1328 692 as-

182 715 273 750 serit.
322 719 426 753 Velut
451 721 526 754 libr.
552 722 583 755 2.
608 725 692 768 ηερὶ
715 723 852 769 ἀρχῶν,
878 735 950 766 cap.
978 722 1030 756 10.
1062 735 1156 754 num.
1181 722 1211 756 1.
1262 720 1327 754 »Si

183 789 319 813 necesse
344 792 394 815 est
417 796 479 816 nos
505 797 576 817 esse
602 785 636 817 in
663 785 884 830 corporibus,
907 784 996 817 sicut
1012 785 1044 828 ¹)
1075 793 1166 816 certe
1190 795 1327 816 necesse

186 848 247 879 est,
271 855 338 875 non
365 844 400 877 in
432 845 505 878 aliis
532 859 631 891 quam
663 847 696 879 in
729 847 852 880 nostris
884 845 1087 890 corporibus
1124 858 1194 878 esse
1226 845 1330 877 debe·
1369 876 1374 880 ,

184 913 304 935 mus:«
333 915 367 939 et
390 906 472 941 ibid.
498 922 589 942 num.
613 909 645 944 S.
685 909 906 953 »Videndum
925 921 1062 952 quoque
1088 916 1148 947 est,
1172 920 1214 939 ne
1240 907 1329 939 forte

184 962 286 997 etiam
319 966 407 1001 illud
437 969 498 1002 iste
530 984 641 1003 sermo
674 971 858 1013 significet,
888 971 982 1015 quod
1015 969 1102 1002 sicut
1125 969 1229 1002 sancti
1255 981 1330 1001 cor-

183 1035 268 1067 pora
293 1041 369 1069 sua,
394 1030 427 1063 in
454 1032 575 1077 quibus
599 1043 712 1066 sancte
739 1043 773 1065 et
796 1046 881 1078 pure
907 1033 940 1065 in
966 1031 1063 1079 hujus
1090 1031 1177 1063 vitae
1202 1030 1329 1062 liabita-

183 1085 333 1122 tionibus
358 1092 535 1134 vixerunt,
555 1095 666 1127 lucida
692 1105 724 1127 et
748 1095 897 1137 gloriosa
922 1108 960 1126 ex
989 1092 1233 1126 resurrectione
1258 1105 1328 1124 sus—

186 1147 329 1192 cipieut:
364 1154 408 1187 ita
443 1166 477 1188 et
501 1157 598 1201 impii
624 1157 762 1201 quique,
787 1156 845 1200 qui
870 1156 904 1188 in
929 1155 992 1188 hac
1009 1155 1076 1187 vita
1102 1167 1257 1187 errorum
1279 1162 1329 1186 te-

183 1211 303 1245 nebras
328 1225 362 1248 et
384 1220 569 1263 noctem2)
594 1212 801 1261 ignorantiae
827 1217 1029 1257 dilexerunt,
1053 1215 1207 1250 obscuris
1232 1224 1265 1248 et
1281 1224 1331 1248 te-

184 1271 243 1305 tris
268 1287 347 1319 post
369 1281 652 1314 resurrectionem
679 1280 882 1325 corporibus
903 1279 1128 1312 induanturzu
1157 1287 1190 1311 et
1214 1278 1272 1312 lib.
1298 1276 1329 1313 3.

158 1349 160 1353 ’
184 1347 255 1379 cap,
283 1338 313 1372 6.
339 1353 430 1375 num.
456 1343 489 1377 4.
539 1345 649 1376 »Non
673 1353 786 1377 autem
821 1342 1045 1376 dubitandum
1081 1350 1146 1381 est,
1177 1349 1331 1373 naturam

186 1401 341 1443 corporis
366 1403 464 1449 hujus
489 1406 594 1438 nostri
622 1406 797 1438 voluntate
824 1405 901 1444 Dei,
927 1404 986 1448 qui
1012 1404 1122 1436 talem·
1140 1402 1223 1436 fecit
1247 1415 1332 1442 eam,

187 1471 292 1504 usque
323 1465 366 1496 ad
400 1466 494 1498 illam
529 1467 726 1511 qualitatem
761 1465 986 1506 subtilissimi,
1027 1475 1060 1498 et
1091 1464 1262 1509 purissimi
1294 1477 1331 1497 ac

186 1521 453 1564 splendidissimi
479 1529 634 1572 corporis
666 1540 765 1573 posse
798 1540 815 1559 a
842 1527 1004 1561 Creatore
1036 1526 1196 1571 perduci,
1227 1535 1331 1571 prout

184 1594 298 1617 rerum
330 1596 434 1622 status
466 1590 659 1630 vocaverit,
699 1599 733 1622 et
761 1589 921 1622 meritum
952 1588 1163 1622 rationabilis
1193 1598 1332 1621 naturae

184 1650 427 1690 poposceritz«
454 1663 486 1684 ei
512 1665 593 1684 mox
617 1645 709 1686 num.
733 1651 764 1686 6.
814 1652 891 1684 »lta
923 1651 1022 1685 etiam
1049 1651 1090 1683 de
1116 1659 1232 1682 natura
1258 1663 1332 1683 cor-

185 1709 281 1750 poris
312 1714 526 1746 sentiendum
552 1723 617 1753 est,
651 1714 747 1758 quod
778 1726 847 1747 non
879 1713 973 1746 aliud
1005 1726 1128 1757 corpus
1160 1720 1226 1750 est,
1262 1725 1329 1756 quo

187 1781 277 1806 Hunc
304 1773 336 1806 in
362 1775 594 1824 ignobilitate,
627 1786 659 1809 ct
684 1776 717 1808 in
744 1770 965 1820 corruptione
990 1785 1024 1808 et
1047 1774 1241 1807 infirmitate
1266 1774 1331 1806 uti-

188 1844 282 1876 mur-3
309 1846 341 1868 et
367 1839 460 1871 aliud
486 1840 548 1871 erit
573 1839 678 1878 illud,
712 1851 779 1882 quo
805 1838 839 1870 in
864 1835 1122 1882 incorruptione
1147 1845 1182 1868 et
1205 1836 1239 1868 in
1266 1835 1332 1869 vir-

185 1901 257 1927 tute
282 1907 315 1930 et
339 1899 372 1932 in
396 1901 505 1942 gloria
532 1911 684 1934 utemur:
721 1901 778 1932 sed
813 1900 878 1931 hoc
909 1899 1001 1932 idem
1027 1897 1166 1943 abjectis
1190 1898 1331 1931 infirmi-

186 1956 330 1999 tatibus,
371 1962 405 1994 in
431 1964 552 2008 quibus
584 1975 673 1996 nunc
707 1971 774 2000 est,
812 1960 846 1992 in
881 1961 1023 2003 gloriam
1054 1959 1332 1994 transmutabitur

186 2018 362 2061 spirituale
393 2026 572 2064 effectum,
615 2034 651 2056 ut
685 2023 779 2068 quod
814 2023 879 2055 fuit
919 2022 1123 2065 indignitatis
1155 2034 1226 2061 vas,
1265 2022 1330 2054 hoc

186 2077 296 2122 ipsum
323 2097 541 2131 expurgatum
566 2087 623 2120 fiat
649 2098 702 2118 vas
727 2084 877 2125 honoris,
902 2095 936 2117 et
960 2084 1178 2117 beatitudinis
1203 2083 1330 2116 habita·

288 2219 318 2261 ¹)
343 2220 475 2256 Desunt
500 2222 533 2254 in
559 2223 632 2255 edd.
661 2223 703 2258 ll,
729 2224 845 2255 verba:
878 2221 962 2254 sicut
996 2231 1085 2254 certe
1110 2232 1244 2253 necesse
1270 2228 1327 2252 est.

282 2276 317 2318 ²)
342 2277 447 2311 Deest
476 2289 665 2312 »noctem«
694 2279 727 2312 in
754 2280 828 2313 edd.
854 2279 897 2312 H.
