1403 2492
170 82 214 117 92
507 81 619 116 Piz'rm
651 82 825 116 DANmus
850 83 982 118 Ηυετιι

168 186 233 218 que
260 173 423 217 scriptum
455 173 497 204 ab
535 186 576 206 eo
614 183 663 207 est
694 174 855 207 Prooem.
894 174 1017 217 dialog.
1050 175 1179 209 advers.
1204 177 1317 221 Pelag.

168 236 290 268 »Illud
315 245 428 267 autem
454 235 611 278 Origenis
638 237 818 281 proprium
844 246 914 278 est,
942 249 1012 270 esse
1038 237 1214 282 possibile,
1238 253 1315 272 cum

165 310 200 329 se
226 295 346 340 aliquis
371 297 414 329 ad
437 297 581 331 meliora
607 299 824 339 converterit,
852 300 894 331 ad
921 308 1046 332 tantam
1073 300 1312 335 fortitudinem

164 358 355 403 pervenire,
378 368 416 392 ut
439 360 528 392 ultra
552 373 693 410 peccare
707 373 775 392 non
790 359 936 405 possita(
963 374 1027 406 pro
1044 374 1097 401 eo,
1122 363 1217 407 quod
1233 363 1315 396 scri-

164 421 245 453 bere
285 420 420 454 debuit:
463 431 529 454 »ut
563 423 653 455 ultra
684 435 753 455 non
785 436 928 468 peccare
959 422 1106 468 possim<
1156 423 1313 459 Genuina

164 495 244 524 ergo
271 496 308 516 ea
333 483 398 515 suit
423 483 580 525 Origcnis
605 484 787 525 sententia,
824 485 979 518 homines
1012 498 1132 518 omnes
1163 485 1313 531 peccatis

163 557 234 578 esse
267 545 451 587 obnoxios;
490 546 548 590 qui
582 559 664 578 vero
690 546 916 591 acquirendae
941 547 1078 588 virtuti,
1119 556 1152 580 et
1177 547 1311 581 delictis

160 608 381 652 expurgandis
407 608 540 640 dederit
566 621 725 653 operam,
750 618 783 641 et
807 610 849 642 ad
874 609 1125 654 perfectionem
1149 622 1311 642 conscen-

160 670 267 710 derit,
293 670 456 702 vitiorum
487 669 705 703 incitamenta
737 671 888 716 propriis
913 671 1042 704 viribus
1067 684 1204 716 pessum
1228 671 1308 704 dare

160 745 270 777 posse,
295 733 323 765 si
347 733 441 773 velit,
466 733 507 765 ab
532 732 641 777 iisque
675 733 872 778 neutiquam
903 732 1037 766 tentari.
1084 733 1123 766 In
1157 746 1226 778 quo
1251 745 1307 776 ge-

156 794 268 827 minus
292 804 341 827 est
366 807 471 835 error,
496 795 590 838 quod
615 794 725 827 virum
749 794 942 839 perfectum
966 795 1009 827 ad
1027 795 1201 828 calcandas
1224 808 1305 840 pec-

158 856 222 889 cati
245 856 425 889 blanditias
449 856 572 903 gratiae
596 855 767 900 praesidio
795 861 870 889 *non
897 868 993 898 egere
1019 857 1119 897 velit,
1153 867 1187 890 et
1211 858 1307 903 quod

157 919 402 952 tentationibus
434 931 512 950 eum
544 918 684 950 minime
710 918 855 963 perpelli
880 926 1034 961 censeat3
1065 931 1142 951 cum
1173 927 1305 952 certum

155 981 216 1022 sit,
247 982 349 1014 vitam
382 980 530 1013 hominis
562 990 733 1013 certamen
765 993 836 1013 esse
866 989 1095 1025 perpetuum,
1128 989 1162 1013 et
1192 979 1303 1013 Paulo

154 1043 219 1088 ipsi
245 1044 360 1076 datum
385 1042 486 1075 fuisse
511 1043 688 1076 stimulum
714 1043 831 1076 carnis.

244 1105 322 1137 XX.
371 1104 674 1148 Quemadmodum
715 1114 851 1138 eve‘ctos
890 1105 932 1137 ad
967 1117 1137 1137 summum
1170 1103 1302 1136 virtutis

153 1168 285 1212 apicem
310 1167 466 1199 homines
489 1167 638 1211 peccatis
666 1167 833 1199 obnoxios
856 1179 927 1199 non
953 1179 1022 1199 esse
1044 1165 1197 1199 definivit
1212 1166 1302 1198 Ada-

153 1230 317 1272 mantius3
342 1229 387 1262 ita
412 1229 590 1262 asseruisse
614 1228 702 1261 visus
729 1238 798 1268 est,
824 1241 893 1261 non
918 1240 1019 1272 posse
1044 1240 1102 1260 eos
1129 1240 1301 1270 emergere

154 1306 172 1325 a
196 1291 298 1333 vitiis,
327 1301 360 1324 et
384 1292 427 1323 ad
452 1291 613 1324 virtutem
637 1291 781 1333 regredi,
806 1304 843 1323 ac
867 1289 1025 1322 renovari
1041 1301 1104 1334 per
1120 1289 1299 1335 poeniten-

150 1355 231 1386 tiam
257 1367 326 1393 eos,
352 1353 410 1398 quj
435 1363 515 1398 post
540 1363 716 1398 acceptum
742 1366 760 1385 a
776 1354 854 1386 Deo
881 1352 1005 1395 gratiae
1023 1351 1157 1385 divinae
1181 1351 1298 1384 lumen

149 1416 274 1448 iterum
299 1427 371 1447 sese
397 1415 544 1459 peccatis
577 1415 835 1447 obstrinxerint:
869 1415 1010 1447 Petrum
1035 1414 1193 1459 quidem,
1219 1426 1297 1446 cum

150 1477 322 1511 Christum
354 1475 515 1522 ejurando
548 1477 720 1521 peccavit,
755 1476 908 1508 nondum
933 1476 1102 1520 accepisse
1127 1475 1295 1521 Spiritum

148 1549 318 1581 sanctum;
340 1538 439 1571 nobis
464 1552 565 1579 vero,
597 1539 625 1571 si
651 1552 692 1572 eo
718 1548 858 1583 accepto
880 1537 1152 1583 peccaverimus,
1183 1549 1295 1582 neque

148 1601 184 1634 in
215 1602 280 1634 hoc
312 1601 470 1641 saeculo,
508 1614 618 1646 neque
650 1601 684 1633 in
715 1602 833 1634 futuro
860 1600 992 1634 veniam
1017 1600 1059 1633 iri
1085 1612 1293 1633 concessum.

150 1664 255 1696 »Hoc
280 1663 453 1701 attende‚«
489 1662 600 1706 inquit
631 1662 777 1696 Tractat.
802 1664 947 1696 XXXV.
980 1663 1016 1695 in
1048 1663 1170 1696 Mattb.
1196 1675 1290 1700 num,

149 1726 243 1765 114„
280 1725 460 1770 »quoniam
492 1734 568 1757 ante
593 1724 673 1766 galli
697 1734 844 1764 cantum,
869 1734 903 1757 et
927 1734 1004 1757 ante
1029 1724 1194 1769 Spiritum
1217 1736 1290 1757 san-

147 1797 258 1828 ctum,
292 1788 326 1820 in
351 1797 507 1832 tempore
538 1787 650 1825 noctis
681 1787 891 1831 profundae,
931 1786 1061 1819 etiamsi
1093 1787 1292 1830 frequenter

147 1850 362 1893 denegaverit
387 1849 472 1894 quis,
508 1848 622 1881 vivere
647 1858 777 1893 potest:
809 1849 902 1893 quod
934 1848 1150 1881 manifestum
1177 1857 1226 1880 est
1250 1860 1289 1880 ex

145 1926 198 1953 eo,
223 1913 315 1957 quod
342 1922 394 1945 ter
418 1910 596 1952 denegavit
619 1910 749 1943 Petrus.
797 1910 835 1943 Si
867 1919 980 1942 autern
1006 1919 1084 1955 post
1107 1910 1187 1952 galli
1212 1922 1287 1942 can-

143 1984 228 2014 tum,
253 1975 306 2006 vel
332 1973 438 2006 semel
469 1973 503 2005 in
533 1984 737 2017 quocunque
767 1971 924 2015 periculo
957 1972 1159 2005 constitutus
1184 1972 1286 2004 dene-

143 2036 271 2078 gaverit
296 2035 380 2081 quis,
404 2034 618 2080 impossibile
643 2042 692 2066 est
709 2046 786 2065 eum
804 2034 961 2067 renovari
976 2034 1011 2067 in
1027 2033 1284 2079 poenitentiam,

143 2107 181 2130 ut
204 2098 328 2130 iterum
353 2097 525 2139 crucifigat
554 2096 618 2128 sibi
643 2096 772 2128 Filium
797 2096 903 2129 Dei«
956 2096 1114 2130 Clemens
1145 2095 1283 2141 quidem

142 2159 386 2192 Alexandrinus
412 2159 576 2193 Stromat.
602 2158 678 2190 libr.
702 2159 746 2191 II.
785 2158 940 2192 iteratam
970 2158 1055 2191 hanc
1088 2157 1284 2203 poenitudi-

141 2234 238 2261 nem,
270 2234 335 2265 qua
367 2231 444 2265 post
469 2221 726 2254 conversionem
752 2221 855 2253 homo
881 2221 1027 2266 peccatis
1052 2220 1185 2253 deditus
1211 2229 1282 2252 tan-

141 2284 247 2325 gitur,
279 2296 348 2316 essc
380 2283 523 2316 affirmat
560 2283 652 2328 quasi
683 2284 850 2328 quandam
881 2283 961 2317 novi
984 2282 1114 2328 peccati
1138 2282 1279 2316 medita-
