1403 2492
156 80 223 117 342
632 79 823 114 Excunsus

159 174 261 206 Num.
298 184 390 204 num.
413 170 444 204 4.
496 169 649 204 »Omnia
681 171 772 215 apud
802 169 916 202 Deum
947 169 1077 202 ratione
1109 179 1143 203 et
1170 168 1300 216 judicio

161 234 255 277 ἧσῆς
277 247 339 266 nec
364 234 406 266 ad
432 232 588 275 gratiam,
619 233 678 265 sed
704 246 767 277 pro
792 231 947 272 merito,1‹
975 232 1086 265 docet.
1136 232 1172 264 ln
1196 231 1247 265 his
1271 240 1305 264 et

163 296 236 328 aliis
262 294 431 341 ejusmodi
457 295 559 335 locis,
599 307 683 339 quae
716 294 803 327 infra
833 307 925 327 num.
951 293 1047 327 XllI.
1080 302 1113 326 et
1137 294 1230 327 XIV.
1256 293 1305 325 vi-

163 358 236 390 deri
261 366 403 402 possunt
428 357 518 402 apud
537 357 711 396 Huetium,
736 370 804 390 non
826 370 862 390 ea
879 355 1001 389 retexit
1019 355 1195 398 Origenes,
1219 368 1305 400 quae

164 419 246 453 alibi
272 420 314 452 dc
339 418 443 461 gratia
468 419 619 460 disserit,
652 432 715 452 nec
751 433 866 453 secum
895 427 1022 463 pugnat
1052 418 1214 459 absurde;
1245 418 1305 450 sed

163 483 252 515 bona
286 492 411 527 opera,
444 481 602 521 virtutes,
635 491 669 514 et
700 481 820 514 merita
853 489 969 513 nostra
1000 479 1151 524 quamvis
1182 479 1305 521 gratiae

164 545 254 577 dona
278 543 360 584 sint,
399 542 471 588 jure
503 553 615 576 tamen
647 543 682 576 in
713 543 812 576 nobis
849 541 913 575 sita
937 554 1006 575 esse
1032 541 1203 581 defendit,
1229 541 1306 586 quia

164 619 232 638 non
258 619 276 638 a
300 614 428 645 natura,
453 615 490 638 ut
515 606 675 639 volebant
695 605 866 644 haeretici,
890 603 1162 649 proficiscuntur,
1185 616 1248 636 nec
1272 603 1307 636 in

164 668 264 701 nobis
297 668 384 700 fiunt
414 680 431 699 a
464 667 541 700 Deo
576 667 646 700 sine
678 667 789 700 nobis.
840 668 930 700 »Nos
964 665 999 699 in
1031 678 1128 699 causa
1158 678 1304 706 sumus,·‹

164 730 274 775 inquit
299 730 399 762 Tom.
417 729 460 763 X.
485 730 520 762 in
544 730 665 763 Mauh.
698 743 790 763 uum.
817 729 888 769 1l.,
923 737 987 760 »ut
1019 728 1074 760 vel
1097 727 1239 772 pulchra
1263 727 1307 760 si-

164 805 239 824 mus
267 801 300 824 et
325 791 425 833 digna
450 805 606 825 vasorum
633 805 764 836 genera,
791 791 843 824 vel
860 790 1008 835 putrida,
1035 798 1068 822 et
1087 789 1196 832 digna,
1222 802 1307 835 quae

164 855 255 887 foras
281 852 522 900 projiciantur:
558 867 628 887 non
661 855 752 887 enim
789 863 907 886 natura
935 851 971 884 in
1002 851 1103 884 nobis
1135 865 1231 884 causa
1257 861 1306 885 est

166 915 349 960 nequitiae,
374 916 433 948 sed
460 915 605 948 liberum
629 916 809 948 arbitrium
832 913 925 960 quod
939 923 1078 959 peccat:
1104 927 1166 946 nec
1189 923 1306 947 natura

165 992 262 1011 causa
287 988 336 1011 est
361 977 519 1024 justitiae,
545 978 639 1022 quasi
663 977 844 1024 injustitiae
878 989 980 1022 capax
1013 990 1080 1009 non
1112 985 1217 1017 esset;
1247 977 1305 1008 sed

166 1041 319 1080 verbum,
346 1040 438 1085 quod
464 1039 665 1084 recipimus,
697 1041 858 1084 quodque
889 1039 997 1083 justos
1021 1037 1157 1070 efficit«
1207 1037 1309 1075 Simi7

164 1103 243 1135 liter
268 1102 362 1146 quod
387 1101 435 1134 ait
460 1101 630 1134 interdum
657 1102 833 1144 Origenes,
859 1113 917 1133 eos
942 1099 1105 1145 adjuvari,
1132 1099 1191 1144 qui
1216 1099 1308 1141 digni

166 1174 198 1196 ct
223 1164 339 1197 idonei
364 1173 459 1202 sunt,
486 1163 539 1195 vel
566 1173 684 1196 contra
710 1163 896 1196 haereticos
928 1162 1057 1195 dictum
1083 1170 1145 1201 est,
1170 1161 1228 1206 qui
1251 1173 1309 1194 na-

165 1226 311 1259 turalem
336 1224 548 1258 sanctitatem
581 1235 614 1258 et
639 1226 778 1268 gratiam
803 1224 999 1257 hominibus
1022 1223 1058 1257 in
1081 1224 1208 1256 scelere
1232 1236 1308 1268 per-

165 1282 396 1321 severantibus
420 1300 458 1320 ac
483 1287 628 1332 proinde
647 1287 790 1330 indignis
808 1287 1023 1329 affingebant,
1048 1286 1102 1318 vel
1126 1286 1168 1318 de
1193 1285 1233 1318 iis
1257 1285 1308 1318 in-

165 1349 402 1392 telligendum,
427 1349 485 1394 qui
510 1349 615 1392 gratia
638 1349 746 1396 adjuti
770 1358 970 1395 precantur,
1002 1349 1055 1382 vel
1080 1349 1122 1381 de
1146 1347 1198 1388 iis,
1223 1359 1308 1392 quos

165 1413 260 1445 Deus
285 1413 327 1445 ad
359 1425 417 1445 sua
449 1411 590 1445 consilia
621 1412 764 1445 idoneos
798 1411 942 1457 judicat:
976 1423 1045 1456 quo
1077 1423 1177 1443 sensu
1206 1409 1309 1442 docet

166 1474 330 1516 Origenes
356 1474 413 1506 lib.
441 1474 483 1508 ΙΙ.
509 1483 624 1507 contra
653 1475 791 1507 Celsum
815 1486 908 1506 num.
933 1472 1008 1513 48.,
1035 1484 1115 1504 »eos
1138 1469 1232 1504 solos
1254 1484 1309 1503 re-

164 1535 342 1568 suscitatos
373 1535 493 1576 fuisse,
530 1549 615 1580 quos
654 1535 723 1568 Dei
752 1535 904 1568 Verbum
941 1535 984 1566 ad
1024 1532 1308 1566 resurrectionem

165 1597 309 1631 idoneos
333 1606 487 1638 noverat,
511 1607 560 1638 ut,
586 1611 671 1643 quae
697 1611 715 1630 a
739 1597 894 1631 Domino
925 1596 1069 1634 fiebant,
1100 1607 1170 1626 non
1194 1593 1307 1626 solum

166 1659 258 1701 signa
283 1669 392 1692 essent
417 1659 639 1704 quarumdam
663 1672 797 1700 rerum,
822 1659 882 1691 sed
907 1658 1008 1690 etiam
1031 1656 1099 1702 jam
1124 1665 1195 1689 tum
1219 1655 1307 1687 mul-

167 1732 219 1754 tos
251 1723 292 1755 ad
326 1721 516 1754 doctrinam
550 1720 776 1763 evangelicam
806 1720 963 1758 miraculi
994 1717 1226 1761 magnitudine
1250 1717 1308 1750 ad-

166 1785 360 1817 ducerent.«

255 1846 346 1879 Vssf.
393 1845 444 1879 Ex
469 1844 521 1878 his
546 1844 749 1877 testimoniis
774 1857 893 1887 magna
917 1843 985 1890 jam
1014 1855 1053 1876 ex
1077 1851 1173 1888 parte
1197 1841 1309 1886 perse·

167 1917 257 1941 ctum
285 1917 352 1948 est,
387 1921 457 1940 non
490 1906 727 1952 pedissequam
761 1907 926 1939 humanae
959 1905 1143 1938 voluntatis
1167 1903 1307 1946 gratiam

166 1971 208 2002 ab
241 1969 390 2012 Origene
423 1968 622 2009 existimari,
661 1969 720 2001 sed
759 1978 1020 2014 praepotentem
1059 1977 1092 2000 et
1123 1967 1306 2000 efficacem.

168 2033 254 2065 Nam
280 2032 307 2064 si
331 2044 434 2064 nemo
461 2031 598 2064 credere
623 2041 746 2076 potest,
771 2030 835 2063 nisi
864 2030 1016 2064 Christus
1041 2029 1148 2062 dicat:
1177 2029 1308 2061 ›mAda-

168 2095 348 2139 perirem«
367 2095 399 2140 ι)
425 2094 452 2127 si
477 2095 572 2135 fides,
598 2093 742 2135 castitas,
766 2093 903 2140 justitia,
927 2092 1067 2126 virtutes
1084 2103 1212 2130 omnes,
1237 2089 1307 2135 ipsa

168 2156 276 2189 oratio
302 2165 380 2189 sunt
403 2156 471 2189 Dei
497 2157 604 2196 dona,
631 2156 738 2202 liquet
762 2168 833 2188 non
857 2154 968 2188 solum
993 2154 1107 2187 Deum
1135 2153 1306 2199 adjuvare,

260 2275 291 2320 ¹)
317 2274 424 2309 Marc.
451 2275 528 2315 Vll,
552 2274 605 2310 34.
