1403 2492
375 97 687 128 Omossmmonum
712 92 824 127 Lmen
849 92 892 126 11.
1123 89 1188 127 187

61 197 263 232 corporeum
287 184 452 231 appellat,
484 192 522 217 ut
552 194 650 227 supra
675 182 900 222 ostendimus,
933 180 1025 227 quod
1047 188 1191 226 propter

60 247 216 281 eximiam
246 245 442 280 tenuitatem
473 245 534 279 sub
565 255 678 276 sensus
711 255 778 276 non
811 243 909 277 cadit.
968 243 1054 276 Item
1080 241 1190 287 capite

58 309 183 342 ultimo
208 307 268 342 lib.
292 308 333 343 11.
358 310 441 356 περὶ
465 306 588 356 ἀρχῶν
610 317 705 338 num.
722 303 766 344 6.,
788 313 969 351 postquam
995 312 1126 338 sanctos
1149 315 1189 337 ex

58 371 119 404 hac
143 369 210 403 vita
234 369 440 403 discedentes
466 369 501 402 in
531 367 699 413 quendam
730 375 838 399 terrae
870 365 967 412 hujus
992 366 1106 399 locum
1131 365 1189 398 de-

58 441 217 466 venturos
241 430 334 471 dixit,
360 430 416 476 qui
440 429 614 464 paradisus
637 427 839 473 appellatur,
863 428 941 462 inde
966 426 1072 461 aereis
1097 439 1189 460 man-

58 493 207 527 sionibus
231 505 269 526 ac
293 491 496 525 coelestibus
518 489 726 533 transgressis
749 491 792 523 ad
824 501 880 530 ea,
920 502 1005 535 quae
1041 501 1110 522 non
1142 488 1190 521 vi-

57 555 189 594 dentur,
211 562 244 586 et
268 565 352 599 quae
375 553 513 586 nomine
538 553 697 586 duntaxat
719 551 818 586 nobis
843 551 975 594 cognita
990 560 1079 592 sunt,
1102 550 1192 584 affir-

56 625 126 648 mat
148 615 374 648 adscensurus.
433 614 521 648 Hinc
560 613 647 647 libro
682 613 758 648 Vll.
797 613 831 646 in
868 613 965 658 epist.
1005 612 1047 645 ad
1086 612 1189 645 Rom.

55 690 146 710 num.
172 677 202 711 5.
227 689 275 716 ea,
301 688 384 720 quae
408 675 515 708 oculis
538 685 757 720 usurpantur,
784 675 922 710 Aridam
945 673 1107 708 nimirum
1132 675 1187 709 vel

56 739 302 771 firmamentum
327 737 455 782 sperari
479 746 587 778 vetat,
622 738 682 771 sed
713 751 797 783 quae
829 737 863 770 in
897 737 1015 770 oculos
1045 749 1114 769 non
1137 736 1188 770 in-

55 808 210 839 currunt,
235 808 267 832 et
293 807 427 832 aeterna
457 807 552 839 sunt,
584 811 707 845 nempe
742 800 895 833 coelum:
930 799 1031 832 „lmo
1062 798 1188 843 potius,

55 860 175 906 inquit,
200 860 315 894 coelos
339 861 448 894 multo
476 859 714 894 eminentiores
735 871 768 894 et
781 861 990 900 excelsiores,
1014 873 1114 905 quam
1140 868 1190 893 est

55 923 141 957 illud
165 923 424 964 firmamentum,
449 924 542 968 quod
566 923 673 956 videri
699 923 805 956 oculis
829 932 982 969 potest,«
1009 931 1042 955 et
1065 931 1189 955 terram

55 984 234 1019 mansuetis
258 985 474 1028 assignatam,
505 984 660 1018 edicente
687 984 852 1030 apostolo
886 985 917 1018 Il
944 984 1026 1018 Cor.
1051 985 1110 1025 lv,
1136 984 1188 1019 18.

56 1048 185 1082 ›mNon
209 1047 514 1093 contemplantibus
547 1047 644 1080 nobis
678 1060 762 1092 quae
792 1047 970 1086 videntur,
1006 1046 1065 1079 sed
1103 1059 1188 1092 quae

55 1122 122 1142 non
147 1109 320 1142 videntur:
346 1122 430 1154 quae
455 1109 544 1141 enim
568 1109 736 1150 videntur,
760 1108 960 1154 temporalia
984 1116 1079 1150 sunt3
1103 1121 1187 1153 quae

55 1180 166 1204 autem
189 1183 258 1204 non
283 1170 448 1210 videntur,
471 1179 605 1203 aeterna
629 1180 758 1204 sunt.««

143 1232 221 1265 XII.
269 1233 324 1265 Ad
355 1231 549 1265 Paradisum
581 1233 672 1277 quod
698 1232 834 1272 attinet,
867 1246 885 1265 a
909 1245 1041 1265 summo
1068 1232 1128 1265 illo
1155 1242 1188 1265 et

55 1308 214 1340 supremo
241 1294 337 1327 coelo
364 1306 441 1326 eum
466 1294 681 1328 Adamantius
706 1294 866 1334 distinxit,
891 1303 923 1327 et
948 1295 981 1328 in
1009 1304 1101 1327 certo
1127 1295 1187 1327 ali-

56 1370 122 1401 quo
149 1365 255 1389 terrae
288 1357 365 1388 loco
401 1356 600 1398 eunom-:viu
631 1369 706 1387 cum
739 1364 931 1390 terrestrem
965 1370 981 1389 e
1015 1357 1186 1391 contrario

54 1419 268 1459 Paradisum,
301 1431 400 1463 quem
432 1418 466 1451 in
498 1427 587 1450 terra
617 1417 717 1450 situm
751 1417 852 1451 fuisse
878 1419 1101 1452 certissimum
1126 1429 1186 1460 est,

53 1481 233 1523 allegorice
268 1493 437 1525 exponens
470 1493 569 1525 supra
601 1481 735 1513 coelum
761 1480 987 1522 constituerit,
1013 1491 1050 1514 ut
1075 1491 1186 1516 osten-

54 1544 180 1581 demus,
229 1545 276 1576 Ac
301 1544 343 1576 de
368 1543 484 1588 priore
497 1542 711 1575 manifestum
731 1553 780 1576 est
795 1543 1027 1576 testimonium
1054 1544 1129 1578 libr.
1144 1545 1185 1579 ΙΙ,

52 1607 135 1650 περὶ
158 1604 294 1652 ἀρχῶν,
319 1618 390 1650 cap.
413 1605 464 1640 11.
490 1618 580 1638 num.
602 1605 632 1640 ὃ.
684 1606 793 1639 »Puto
820 1606 921 1646 enim,
946 1607 1065 1652 inquit,
1091 1608 1183 1652 quod

53 1667 156 1700 sancti
180 1667 304 1712 quique
329 1666 538 1700 discedentes
563 1669 605 1700 de
629 1667 690 1700 hac
715 1667 799 1708 vita,
830 1670 1077 1713 permanebunt
1093 1669 1123 1714 ¹)
1150 1669 1184 1702 iu

52 1730 129 1762 loco
151 1729 266 1774 aliquo
291 1728 326 1761 in
349 1738 437 1761 terra
460 1729 591 1774 posito,
623 1743 722 1774 quem
753 1730 950 1764 Paradisum
981 1730 1064 1765 dicit
1098 1733 1189 1767 Scri-

52 1800 152 1836 ptura.
175 1790 297 1831 divina,
323 1792 414 1824 velut
437 1791 470 1824 in
497 1792 643 1836 quodam
676 1791 874 1825 eruditionis
905 1793 1017 1827 loco.«
1072 1799 1185 1840 Atque

52 1853 136 1885 hanc
161 1852 305 1898 primam
329 1866 398 1887 esse
425 1853 496 1886 vult
525 1853 754 1894 mansionem,
784 1854 817 1886 in
851 1868 915 1899 qua
949 1869 1095 1901 corpore
1129 1871 1183 1890 ex-

54 1925 169 1948 euntes
200 1914 328 1948 animae
363 1916 503 1949 terrenis
542 1916 698 1949 sordibus
737 1927 978 1962 expui-gnatum
1019 1932 1118 1963 quam
1152 1929 1185 1953 et

53 1978 143 2010 idem
170 1990 239 2010 esse
263 1978 335 2010 vult
357 1991 396 2010 ac
428 1978 537 2012 sinum
568 1979 730 2012 Abrahae.
788 1980 876 2012 »Sed
910 1990 943 2013 et
975 1980 1068 2013 illam
1100 1982 1186 2024 figu-

53 2053 136 2080 ram,
162 2039 269 2084 inquit
300 2040 428 2073 Homil.
452 2041 576 2074 XXVI.
610 2041 644 2073 in
676 2043 775 2075 Num.
809 2055 900 2076 num.
925 2043 976 2081 4.,
1008 2056 1077 2076 esse
1103 2044 1186 2077 dixi-

52 2115 127 2135 mus
152 2101 294 2134 exeundi
319 2102 360 2134 de
384 2105 550 2149 Aegypto,
577 2117 653 2137 cum
679 2104 816 2150 reliquit
839 2105 950 2138 anima
980 2106 1097 2139 mundi
1120 2108 1184 2139 hu-

53 2164 103 2210 jus
130 2165 291 2205 tenebras,
315 2177 352 2197 ac
376 2174 511 2197 naturae
536 2178 720 2211 corporeae
747 2168 952 2211 caecitatem,
979 2179 1011 2204 et
1028 2169 1185 2203 transser-

149 2294 180 2340 1)
205 2294 291 2328 Edd.
319 2295 449 2329 Huetii:
476 2305 700 2342 permancant.
