1403 2492
438 51 753 87 Omessmsnonum
776 51 890 85 Lmen
914 52 958 84 ΙΙ.
1188 50 1257 87 247

119 141 177 186 qui
203 140 359 175 Caesario
386 141 543 184 Gregorii
576 140 776 175 Nazianzeni
809 141 904 174 fratri
934 141 1148 182 tribuuntur,
1178 139 1249 174 dia-

117 203 183 246 log.
213 203 270 236 llI.
295 203 452 246 interrog.
479 202 570 243 149..
602 211 636 235 et
666 201 849 244 Gregorius
881 203 1050 249 Nyssenus
1075 209 1159 234 orat.
1184 210 1246 234 cat.

116 278 189 309 cap.
211 264 256 304 8.,
279 274 311 297 et
329 264 585 311 Clirysostomus
602 263 733 298 Homil.
749 264 878 297 XVIII.
902 263 937 297 in
963 263 1095 298 Genes.¹
1111 274 1182 306 cap.
1199 259 1246 302 3.,

117 336 151 359 et
176 325 365 358 Anastasius
389 325 516 359 Sinaita
542 325 738 369 Contempl.
762 337 898 367 anagog.
923 324 958 357 in
982 324 1141 356 HexaEm.
1168 321 1244 356 libr.

116 387 187 427 XL,
211 395 244 419 et
268 387 438 431 Rupertus
463 387 521 420 lib.
546 387 607 421 ΙΙΙ.
634 400 705 431 cap.
731 386 761 420 2.
786 386 821 419 in
847 386 969 420 Genes.
996 399 1067 430 cap.
1081 384 1113 420 3.
1153 383 1246 416 Eun-

115 449 193 481 dem
218 449 420 494 exprobrant
443 447 584 490 Origeni
607 447 804 481 Methodius
833 448 924 493 apud
954 446 1124 492 Epiplian.
1154 445 1243 478 Hae-

113 523 177 546 τοι.
201 509 269 550 64η
292 519 326 543 et
349 509 438 555 apud
463 509 564 543 Phot.
583 508 668 543 Cod.
691 509 768 545 234.
792 509 1002 555 Epiphanius
1026 509 1161 542 Haeres.
1177 506 1244 548 64„

113 581 148 604 et
170 571 204 604 in
228 571 323 616 epist.
347 571 389 604 ad
406 563 710 604 Joann.Hierosol.
736 584 806 616 cap.
824 570 868 613 3.,
891 571 1119 617 Hieronymus
1144 568 1242 614 epist.

112 634 165 668 61.
190 634 232 666 ad
256 633 448 666 Pammach,
473 645 545 676 cap.
569 632 591 667 3
612 657 621 672 ,
652 632 865 678 Sophronius
888 632 923 665 in
946 631 1042 677 epist,
1068 631 1109 664 ad
1135 629 1241 672 serg„

111 695 299 739 Stephanus
324 693 479 726 Gobarus
503 693 669 726 Tritheita
700 694 789 738 apud
820 693 920 727 Phot.
955 693 1042 730 Cod.
1066 691 1157 732 232„
1178 691 1240 723 Jo-

109 768 210 789 annes
234 755 460 788 Damascenus
485 755 527 787 de
559 754 715 797 Haeres.,
749 755 872 802 Glycas
903 764 988 800 part.
1015 755 1044 790 1.
1069 763 1104 787 et
1126 753 1157 788 4.
1182 765 1239 785 an·

107 817 187 857 nal„
211 816 395 858 cedrenus,
420 825 454 849 et
473 816 607 849 Nicetas
630 816 773 850 thesaur.
798 817 977 850 orthodox.
1001 816 1059 850 fid.
1085 815 1164 848 libr.
1178 814 1236 847 IV.

67 880 70 882 ’
105 878 244 912 Haeres.
266 877 321 913 31.

195 940 232 973 ln
255 939 364 972 varios
388 940 546 984 profecto
571 952 686 973 sensus
717 949 842 973 tractus
873 948 923 972 est
955 939 1017 972 iste
1040 937 1235 983 Scripturae

105 1002 217 1035 locus:
253 1001 452 1035 Methodius
481 1011 589 1035 vestes
620 1011 784 1043 scorteas,
818 1014 888 1034 non
923 1000 1061 1046 quidem
1090 998 1235 1032 mortale

103 1077 226 1108 corpus
252 1075 322 1096 esse
347 1062 448 1103 dixit,
478 1064 537 1095 sed
561 1062 715 1109 corporis
737 1073 834 1097 antea
856 1062 1078 1103 immortalis,
1110 1060 1234 1093 deinde

104 1138 183 1158 vero
207 1123 361 1156 mortalis
386 1124 501 1156 effecti
525 1125 782 1157 dissolutionem
806 1124 1002 1167 significare.
1050 1122 1234 1165 Gregorius

103 1185 331 1220 Nazianzenus
371 1185 524 1230 corporis
564 1186 717 1218 nuditate
756 1185 899 1230 exprimi
937 1185 1010 1218 vult
1039 1183 1233 1218 immortale

101 1248 194 1293 prius
219 1256 253 1280 et
274 1247 376 1280 nullis
401 1245 587 1279 obnoxium
611 1247 739 1280 morbis
764 1247 887 1280 Adami
913 1260 1054 1292 corpus;
1083 1245 1231 1279 vestibus

102 1323 195 1350 vero,
218 1307 472 1348 mortalitatem,
496 1308 693 1351 gravitatem
719 1322 756 1342 ac
780 1308 1022 1349 infirmitatem,
1046 1321 1131 1354 quae
1156 1321 1231 1341 cor-

99 1385 162 1417 pus
186 1371 273 1403 illud
297 1369 498 1403 invaserunt.
545 1370 711 1403 Nonnulli
736 1383 835 1411 vero,
858 1383 944 1415 quos
966 1370 1095 1403 refellit
1117 1370 1230 1402 Theo-

99 1434 236 1466 doretus
261 1440 387 1477 quaest.
410 1430 464 1466 39.
489 1430 523 1463 in
547 1431 707 1472 Genesin,
729 1441 876 1464 scortcas
899 1430 1026 1465 tunicas
1043 1444 1113 1464 esse
1138 1430 1229 1464 dixe-

96 1504 177 1528 runt
199 1495 358 1526 arborum
383 1492 536 1534 cortices,
560 1506 646 1538 quae
670 1502 746 1527 sunt
769 1493 864 1527 velut
886 1494 1046 1526 arborum
1062 1493 1171 1539 pelles
1196 1501 1228 1526 et

95 1557 301 1590 indumenta,

161 1618 249 1651 'His
278 1615 555 1659 suffragatoribus
587 1629 738 1650 errorem
769 1631 868 1650 suum
899 1627 1072 1651 excusaret
1105 1617 1225 1659 Orige-

95 1693 165 1720 nes,
189 1679 218 1711 si
241 1678 311 1724 ejus
336 1687 422 1711 esset
443 1678 651 1712 manifestus.
699 1682 743 1712 At
774 1689 895 1724 quanta
926 1679 1030 1712 suerit
1062 1679 1164 1724 ipsius
1190 1679 1222 1711 in

95 1742 156 1774 hac
181 1739 377 1785 quaestione
401 1739 588 1779 fluctuatio,
613 1752 651 1772 ex
677 1741 833 1785 sequenti
856 1742 934 1773 loco
960 1741 1099 1785 patebit,
1123 1754 1223 1786 quem

96 1804 242 1837 Catenae
264 1814 333 1834 uno
358 1814 521 1834 consensu
546 1801 685 1844 Origeni
709 1802 870 1835 tribuunt.
917 1803 949 1835 ls
974 1815 1053 1845 ergo
1078 1802 1222 1843 ianen.

96 1866 155 1905 ΙΙΙ,
178 1864 247 1905 21.,
270 1872 450 1908 postquam
475 1862 628 1908 ineptum
660 1877 731 1896 csse
763 1864 847 1897 dixit
869 1865 982 1897 Deum
1016 1865 1139 1907 fingere
1164 1865 1222 1897 de-

94 1936 213 1960 tractas
242 1925 436 1958 animalium
467 1925 574 1969 pelles
607 1935 844 1967 consuentem,
873 1927 1004 1960 subdit:
1035 1925 1157 1962 1112).ch
1185 1939 1222 1962 τε

97 1985 264 2034 ᾳυγόντιι
288 1986 327 2022 τὸ
353 1985 462 2025 οὕτως
487 1983 638 2032 ἄτοπον,
662 1990 781 2033 λέγειν
803 1989 885 2028 τοὺς
901 1990 1139 2035 δερματίνους
1156 2002 1220 2034 χι-

96 2052 212 2088 τῶνας
235 2048 299 2084 οὐκ
323 2045 453 2087 ἄλλους
482 2046 594 2092 εἶναι,
622 2047 640 2093 ἢ
670 2048 712 2084 zi}
746 2049 916 2096 σώματα,
949 2049 1112 2085 πιθανὸν
1132 2051 1218 2096 μὲν,

95 2113 158 2146 καὶ
182 2113 230 2149 εἰς
252 2108 523 2155 συγκατάθεσιν
539 2110 812 2146 ἐπισπάσασθαι
832 2111 1061 2159 δυνάμενον·
1089 2111 1129 2147 οὐ
1143 2112 1220 2157 μὴν

95 2173 222 2218 σαφὲς,
248 2171 293 2210 ὡς
317 2170 461 2214 ἀληθές.
509 2175 556 2206 Εἰ
580 2172 650 2219 γὰρ
676 2176 709 2208 οἱ
735 2173 942 2221 ὸέρμιὲτινοι
956 2177 1106 2220 χιτῶνες
1127 2173 1218 2221 σάρ-

97 2249 153 2276 xes
178 2236 238 2270 καὶ
263 2232 367 2270 ὀστέα
393 2235 477 2276 εἰσὶ,
511 2236 586 2274 πῶς
617 2235 688 2281 πρὸ
719 2235 853 2272 τυίιων
886 2240 1000 2283 quaint
1036 2236 1054 2273 ὁ
1083 2235 1217 2281 Ἀδάμ·
