1403 2492
384 53 700 88 Omenmasonum
725 53 838 86 ann
865 52 905 85 11.
1134 53 1200 87 297

70 154 163 189 parte
189 145 232 178 H.
271 157 372 177 causs.
398 143 452 179 31.
495 152 618 188 quaest.
645 142 674 176 1.
713 155 783 175 can.
806 142 838 176 8.
873 142 904 176 9.
942 150 974 174 et
1000 142 1052 176 10.
1082 142 1199 174 retulit

72 205 261 241 Gratianus.
315 205 415 239 Prior
446 205 540 237 locus
572 213 620 236 est
653 217 690 236 ex
726 203 997 236 Neocacsaricnsi
1030 203 1199 243 Concilio,

71 281 137 312 quo
166 268 406 301 »secundarum
425 265 617 310 nuptiarum
632 265 803 298 connubio
820 266 1014 310 presbyter«
1042 264 1198 297 interesse

69 328 285 373 prohibetur,
319 341 395 360 cum
427 326 623 372 praesertim
649 326 774 371 nuptiis
800 325 968 371 ejusmodi
992 326 1200 371 poenitentia

71 390 202 435 imponi
232 391 349 423 soleat.
413 389 479 422 Ubi
512 401 594 433 pro:
637 387 877 421 »connubiom
921 389 1100 430 legendum
1131 399 1198 421 est:

72 451 282 484 ›·convivi0.«
339 451 395 485 Sic
427 450 515 483 enim
547 450 649 494 paulo
682 459 759 494 post
795 450 953 481 habetur:
993 450 1099 493 »Quis
1137 450 1200 482 erit

72 514 255 558 presbyter,
280 512 337 557 qui
362 521 502 557 propter
527 510 717 544 convivium
742 510 809 543 illis
842 510 1028 544 consentiat
1052 511 1200 556 nuptiis?

71 575 120 606 Ita
146 573 266 616 legitur
298 574 330 606 in
364 573 443 618 ipsis
477 572 624 606 Concilii
665 571 929 616 exemplaribus,
971 585 1008 604 ex
1044 572 1195 606 Graeco:

70 635 320 681 ΙῙρεσβίτερον
357 637 406 672 εἰς
441 633 583 678 γάμους
619 633 875 679 διγαμοίντων
913 632 964 676 μὴ
998 634 1197 668 ἑστιᾶσθαι.

73 696 176 740 Quod
201 697 247 729 sic
272 695 382 729 reddit
406 694 588 740 Dionysius
614 694 776 738 Exiguus:
803 695 1002 740 »Presbyter
1019 694 1052 726 in
1073 695 1200 739 nuptiis

71 756 152 801 ejus,
177 757 233 801 qui
259 757 338 789 duas
362 768 482 788 uxores
506 756 609 796 ducit,
633 770 692 789 seu
706 757 856 798 digamus
879 756 1035 795 efficitur,
1060 768 1101 788 ne
1121 769 1200 788 con-

72 817 234 850 vivetur.«
285 818 379 850 Alter
410 818 505 850 locus
538 827 586 850 est
617 831 655 849 ex
682 819 831 850 Auctore
859 817 983 861 Operis
1008 817 1201 862 imperfecti

71 878 200 911 Homil.
225 879 386 912 XXXIH.
412 879 445 911 in
471 880 591 912 Mani..
615 879 722 917 XlX.,
747 892 814 923 quo
841 879 1042 918 decernitur,
1069 879 1199 912 licitum

71 953 140 973 esse
171 941 354 973 secundum
390 940 548 984 Apostoli
578 949 795 984 praeceptum
830 941 990 973 secundas
1023 940 1115 972 adire
1140 953 1201 972 nu-

72 1003 168 1047 ptias,
193 1003 378 1035 secundum
406 1011 537 1034 »autem
562 1000 709 1033 veritatis
740 1001 923 1040 rationem,
955 1014 1032 1034 vere
1058 1002 1202 1034 fornica-

73 1064 202 1097 tionem
229 1076 317 1096 esse:
339 1064 396 1095 sed
423 1076 498 1094 cum
524 1062 739 1106 permittente
770 1063 846 1094 Deo
880 1062 1017 1106 publice
1042 1072 1075 1095 et
1100 1063 1202 1096 licen-

73 1135 125 1158 ter
150 1124 384 1164 committitur,
410 1123 481 1156 fieri
508 1124 680 1155 honestam
707 1123 998 1156 fornicationem.«
1047 1124 1202 1157 Tertium

73 1188 211 1219 demum
234 1185 428 1230 suppeditat
443 1185 670 1230 Hieronymus
696 1184 754 1217 lib.
774 1185 796 1217 l.
823 1184 855 1216 in
872 1184 1043 1217 Jovinian.
1070 1199 1140 1230 cap.
1158 1187 1202 1226 8,

72 1261 142 1292 quo
174 1247 336 1280 secundas
365 1246 498 1290 nuptias
537 1246 589 1278 vix
629 1246 822 1290 nuptiarum
859 1246 996 1279 nomine
1021 1247 1202 1288 donandas,

74 1319 108 1342 et
133 1308 186 1341 vix
210 1308 410 1341 excusandas
435 1307 564 1340 delinit.
612 1309 657 1339 At
687 1307 720 1339 id
754 1320 822 1339 non
853 1317 921 1339 tam
953 1309 993 1340 ad
1025 1322 1078 1340 eas
1102 1322 1203 1354 repu-

73 1370 223 1410 diandas,
248 1383 346 1414 quam
371 1370 412 1402 ad
438 1369 664 1401 extollendam
684 1368 858 1400 viduarum
873 1369 1055 1402 castitatem
1074 1371 1202 1404 dictum

73 1432 256 1476 respondet
279 1431 468 1470 Gratianus,
493 1440 526 1463 et
551 1444 588 1463 ex
613 1429 686 1462 aliis
711 1429 779 1475 ejus
803 1430 1002 1463 testimoniis
1025 1434 1202 1477 approbat.

71 1494 144 1527 Tot
167 1506 247 1526 vero
271 1501 378 1525 scatet
402 1491 572 1525 erroribus
597 1491 722 1535 Operis
748 1491 937 1536 imperfecti
970 1493 1136 1537 scriptor,
1164 1505 1202 1527 ut

73 1555 107 1588 in
129 1554 325 1598 dogmaticis
345 1553 628 1598 disputationibus
652 1553 790 1585 minime
812 1553 856 1586 sit
880 1554 1076 1587 audiendus.
1111 1557 1203 1589 Neo*

76 1616 313 1650 caesariensem
350 1624 462 1647 autem
493 1615 657 1660 synodum
691 1615 733 1647 de
767 1614 922 1660 pluribus
955 1615 1055 1647 simul
1093 1617 1202 1650 ductis

73 1678 232 1710 uxoribus
257 1689 353 1718 agere
378 1675 533 1708 nonnulli
558 1676 772 1719 respondent.
819 1676 930 1718 Quam
949 1677 1202 1721 responsionem

76 1740 221 1783 probare
245 1751 312 1770 non
338 1750 486 1782 possum.
533 1736 651 1769 Malim
677 1736 793 1775 fateri,
824 1737 928 1768 talem
960 1737 1060 1770 fuisse
1085 1752 1123 1771 ea
1147 1752 1203 1772 ae-

76 1810 144 1833 tate
168 1799 329 1833 ecclesiae
353 1798 563 1830 severitatem
590 1807 623 1830 et
646 1797 808 1839 rigorem,
833 1807 870 1830 ut
895 1798 1000 1831 licitas
1023 1798 1118 1839 licet,
1143 1800 1202 1832 ali-

77 1875 177 1906 quam
201 1870 312 1894 tamen
338 1859 599 1893 incontinentiae
630 1859 777 1904 speciem
809 1873 888 1904 prae
914 1873 948 1892 se
974 1861 1116 1894 serentes
1140 1875 1202 1894 nu-

76 1922 161 1967 ptias
186 1922 365 1962 secundas,
388 1934 457 1954 non
483 1921 676 1954 celebritate
699 1922 810 1954 solum
836 1934 965 1961 carere,
990 1923 1087 1966 eique
1113 1936 1204 1967 pres-

78 1985 232 2029 byterum
265 1983 403 2015 omnino
435 1996 504 2015 non
534 1983 710 2023 interesse,
751 1984 808 2015 sed
841 1983 1070 2027 poenitentiae
1103 1984 1202 2018 etiam

79 2045 297 2090 impositione
321 2046 467 2089 quodam
490 2046 595 2077 modo
622 2054 769 2078 notatam
796 2058 864 2077 esse
891 2045 1001 2077 vellet.

169 2107 226 2139 IV.
271 2106 480 2151 Theophilus
505 2105 748 2139 Alexandrinus
773 2106 887 2141 Pascit.
905 2106 936 2140 2.
963 2107 1096 2151 epistol.
1123 2109 1201 2142 Ori-

81 2182 199 2211 gencm
237 2177 404 2201 caussatur
441 2168 575 2210 magicis
613 2167 738 2200 artibus
775 2168 1003 2212 patrocinium
1039 2169 1202 2203 tribuisse.

81 2232 190 2275 Verba
211 2230 291 2263 hacc
316 2230 452 2264 adducit
477 2244 494 2262 e
520 2229 650 2274 scriptis
676 2229 757 2272 Orig
773 2230 846 2264 nis:
883 2231 962 2263 »Ars
988 2231 1112 2273 magica
1136 2245 1203 2263 non
