1403 2492
150 70 232 110 262.
485 80 597 115 Ρετκι
622 80 799 115 ΒΑΝιειιε
825 80 958 115 Humi

155 161 288 197 bulasse
312 165 346 199 in
371 167 486 210 horto,
510 180 543 204 et
568 171 712 206 Cainum
742 185 760 204 a
785 171 870 204 facie
895 170 961 204 Dei
987 170 1137 210 exivisse,
1161 182 1244 215 quae
1269 183 1287 203 a

158 224 257 258 nobis
283 227 354 261 scre
378 239 517 266 tractata
542 243 638 266 sunt:
668 233 774 265 multa
806 233 974 278 ejusmodi
1007 245 1107 278 posse
1131 231 1246 274 colligi
1270 245 1288 265 e

157 285 355 332 scripturis,
379 306 464 338 quae
491 295 633 340 »scripta
655 305 732 328 sunt
756 295 894 340 quidem
911 304 1067 339 tanquam
1091 295 1198 335 sacta;
1221 305 1291 326 non

158 355 271 383 tamen
295 355 480 389 secundum
505 357 678 391 historiam
711 366 946 402 competenter
980 366 1013 389 et
1044 356 1293 390 rationabiliter

159 409 234 444 ficri
257 415 429 457 potuisse,
464 420 631 452 credenda
660 430 778 452 sumzu
818 419 916 464 hujus
940 419 1069 461 generis
1093 431 1176 458 esse,
1198 418 1293 463 quod

160 484 272 507 narrat
295 476 527 522 vageliurn,
553 481 586 514 in
612 481 780 514 excelsum
805 491 957 514 montem
981 494 1000 513 a
1020 479 1159 520 diabolo
1177 480 1293 512 Jesurn

163 547 234 568 esse
257 539 476 582 subvectum,
508 553 544 576 ut
577 543 731 576 universa
767 543 885 576 mundi
917 555 1016 585 regna
1040 541 1119 575 inde
1144 541 1176 574 ei
1199 554 1296 573 mon·

162 605 297 633 stu-aret:
329 611 362 635 et
387 604 479 648 quod
504 604 671 649 praecipit
702 605 815 638 Moses
847 603 1064 638 exterminari
1094 615 1196 636 omne
1226 615 1296 635 ma—

163 659 348 704 sculinum,
381 666 473 710 quod
507 676 628 699 octavo
663 667 718 700 die
750 680 818 700 non
848 667 952 700 suerit
976 665 1229 700 circumcisum:
1263 673 1297 697 et

163 724 396 769 tragelaphum
429 728 517 761 inter
548 729 673 761 munda
709 729 886 770 animalia,
924 729 1087 775 gryphum
1118 727 1206 760 inter
1235 727 1299 759 im-

165 786 290 818 munda
317 788 450 827 bahem
476 804 552 822 cum
580 791 633 823 hic
657 792 698 823 ab
724 791 859 823 homine
884 804 952 824 non
979 791 1085 836 possit
1109 790 1206 835 capi,
1237 789 1297 822 ille

165 857 208 878 ne
233 860 303 881 esse
329 851 489 895 quidem:
523 853 602 885 licet
633 853 781 897 gryphes
812 863 846 886 et
875 854 1090 897 tragelaphos
1115 861 1148 885 et
1172 865 1242 884 esse
1266 862 1300 884 et

167 909 242 953 capi
269 912 444 955 proditum
469 914 512 947 sit
535 928 552 947 a
578 915 774 948 Veteribus:
806 916 945 948 sabbato
964 915 995 959 ¹)
1026 915 1108 947 item
1133 915 1212 946 loco
1237 927 1299 947 suo

168 982 236 1004 non
261 975 403 1016 moveri,
428 989 490 1008 nec
516 989 601 1009 onus
627 977 762 1017 levare;
788 987 820 1009 et
845 978 936 1022 quod
961 978 1085 1010 habent
1099 976 1297 1018 Evangelia:

170 1034 408 1082 »neminem'·‘)
433 1038 468 1070 in
494 1038 545 1071 via
570 1039 836 1071 salutaveritis:«
871 1039 999 1080 duas³)
1022 1037 1220 1082 neutiquam
1244 1037 1300 1070 ha-

169 1095 295 1128 bendas
314 1098 460 1138 tunicas,
491 1113 554 1132 nec
578 1101 821 1133 calceamenta:
853 1101 1024 1132 dexteram
1036 1099 1068 1143 ι)
1101 1099 1302 1144 percutienti

170 1157 352 1200 maxillam,
376 1160 543 1194 sinistram
569 1175 639 1195 esse
657 1163 897 1206 praebendam,
922 1175 999 1194 cum
1018 1161 1160 1201 numnis,
1182 1161 1302 1206 inquit,

171 1219 230 1263 qui
254 1222 404 1265 pereutit
428 1224 588 1269 deun-1⁵)
613 1238 712 1257 manu
730 1224 898 1257 sinistram
914 1223 1082 1268 percutiat
1095 1223 1263 1257 maxillam
1273 1239 1300 1257 :·‹

172 1283 370 1328 oculun1‚'⁵)
395 1285 453 1329 qui
476 1286 520 1319 sit
544 1287 728 1320 offensioni
754 1296 786 1319 et
809 1286 982 1325 scandalo,
1006 1286 1213 1328 eruendum;
1234 1299 1304 1319 non

172 1346 410 1380 adducendum
424 1349 456 1392 ⁷)
489 1358 699 1393 amputatum
735 1347 963 1393 praeputium.
1012 1347 1109 1391 Quae
1141 1348 1255 1380 omnia
1287 1361 1305 1382 a

173 1419 207 1438 se
233 1408 333 1441 allata
358 1422 428 1441 esse
455 1410 589 1450 scribit,
619 1420 657 1442 ut
687 1410 913 1451 intelligamus
943 1421 996 1442 res
1026 1422 1095 1442 non
1119 1409 1231 1442 solum
1255 1423 1307 1442 ra-

173 1467 260 1501 tioni
286 1469 480 1510 contrariam,
504 1472 562 1504 sed
589 1471 688 1504 etiam
719 1484 804 1516 quae
828 1472 902 1504 fieri
927 1471 1066 1503 minime
1090 1471 1238 1515 possint,
1271 1471 1305 1504 in

175 1530 270 1564 litera
305 1532 481 1565 contineri.
541 1533 720 1566 Subnectit
751 1543 870 1578 postea
905 1546 974 1566 non
1007 1545 1145 1565 omnem
1177 1533 1305 1566 idcirco

173 1605 246 1625 sese
270 1594 428 1627 historiae
452 1608 585 1627 sensum
611 1597 800 1639 aspernari,
836 1608 914 1628 cum
948 1595 1076 1627 »multo
1110 1595 1207 1639 plura
1231 1596 1307 1635 sint,

175 1668 259 1699 quae
283 1658 469 1689 secundum
493 1656 666 1689 historiam
693 1667 857 1696 constant,
883 1670 983 1702 quam
1007 1669 1055 1696 ea,
1079 1669 1163 1701 quae
1177 1658 1307 1690 nudum

175 1730 308 1750 sensum
336 1718 511 1751 continent
535 1718 800 1763 spiritualemne
816 1719 1007 1764 cujusmodi
1031 1719 1196 1752 nonnulla
1215 1732 1308 1752 com-

175 1790 360 1820 memorat,
395 1790 479 1825 puta
507 1780 672 1823 Decalogi
704 1791 894 1826 praecepta.
950 1781 1086 1814 Deinde
1117 1794 1197 1814 vero
1222 1783 1310 1814 mul-

176 1851 243 1874 tam
268 1843 493 1875 adlnbendam
529 1843 574 1876 ait
599 1843 791 1876 cautionem
817 1843 1102 1885 etsdiligentiam‚
1134 1857 1202 1888 quo
1235 1857 1311 1889 my-

177 1905 279 1938 sticus
303 1919 417 1938 sensus
442 1919 460 1938 a
484 1919 581 1939 sensu
608 1905 724 1938 literae
750 1904 974 1946 discernatur3
998 1915 1070 1938 tum
1089 1915 1204 1939 notam
1228 1906 1310 1939 banc

276 2053 306 2096 ¹)
332 2053 401 2087 Cfr.
427 2052 535 2085 Exod.
560 2051 651 2090 XVI,
677 2049 730 2084 29.
826 2051 862 2093 ²)
890 2051 960 2083 Csr.
985 2051 1066 2084 Luc.
1092 2051 1134 2091 X,
1161 2051 1190 2086 4.

272 2109 308 2152 ³)
332 2109 401 2142 Csr.
428 2109 548 2141 Matth.
573 2107 618 2146 X,
646 2106 695 2141 10.
792 2106 827 2149 α)
854 2106 925 2140 Cfr.
951 2107 1072 2140 Matth.
1097 2107 1138 2146 V,
1162 2106 1216 2142 39.

273 2166 306 2208 ⁵)
332 2165 412 2207 Legi
437 2164 568 2196 malim:
596 2163 747 2195 dextram
774 2175 874 2195 manu
899 2162 1066 2196 sinistram
1084 2176 1221 2209 quoque
1237 2177 1312 2208 per-

180 2220 282 2243 cutiat
308 2220 370 2243 etc.
1100 2226 1107 2229 «

277 2267 311 2310 ⁶)
339 2266 408 2300 Csr.
434 2266 553 2299 Matth.
582 2266 621 2305 V,
646 2265 699 2300 29.
799 2264 832 2308 ⁷)
860 2265 928 2299 cfr.
955 2265 967 2297 1
995 2264 1073 2298 Cor.
1101 2266 1175 2305 Vll,
1201 2264 1252 2300 18.
