1403 2492
169 63 214 99 52
508 63 620 98 Ple-rm
647 64 820 98 DANissus
847 64 977 98 Ηυετιι

173 167 232 187 eos
256 154 297 186 ad
323 154 423 193 bona,
449 153 503 186 vel
527 155 614 188 mala
639 155 830 198 gubernari,
841 172 856 187 u
895 169 1095 202 merumque
1121 157 1167 190 nit
1191 158 1317 191 doctri-

177 229 253 249 nam
279 215 363 247 hanc
390 228 459 247 esse
484 216 777 260 pelagianismum.
826 218 862 251 Si
899 219 950 250 vel
977 218 1126 251 animum
1151 232 1250 264 posse
1275 221 1315 253 nd

175 279 305 310 bonum
329 290 392 323 per
415 291 449 310 se
473 279 621 320 moveri,
650 280 775 324 absque
800 280 938 325 praevio
965 280 1088 322 gratiae
1113 281 1178 314 Dei
1203 281 1319 315 incita-

176 349 312 381 mento;
339 340 391 372 vel
417 339 609 385 impellenti
635 354 696 374 nos
721 342 761 373 ad
788 342 914 374 malum
935 342 1067 374 libidini
1087 356 1148 387 per
1168 356 1201 374 se
1218 357 1316 388 posse

177 402 362 442 obsistere,
402 401 503 434 etiam
540 403 663 445 gratiae
705 402 848 448 juvantis
880 418 945 449 ope
979 404 1176 438 destitutum
1212 406 1319 438 voluit

176 463 358 506 Origenes:
396 464 605 498 damnandus
641 464 781 510 quidem
821 478 915 497 error
953 465 1009 498 ille
1043 474 1102 498 est.
1152 466 1210 500 Sin
1237 480 1317 499 vero

175 525 299 568 gratiae
322 525 509 571 impulsum
533 525 685 572 adjunxit
717 536 750 560 et
781 526 963 567 auxilium,
999 527 1180 573 utrobique
1219 529 1319 574 culpa

176 597 286 630 caret;
316 601 393 622 nam
423 588 457 621 in
491 598 604 622 motus
635 588 738 621 animi
761 589 886 629 malos,
925 602 1010 634 quos
1044 590 1319 635 concupiscentia

175 650 297 693 gignit,
330 660 364 684 et
387 652 514 691 bonos,
547 663 631 696 quos
656 651 770 684 educit
793 651 916 693 gratia,
950 650 1134 696 imperium
1158 662 1251 686 tenet
1276 652 1318 685 li-

173 712 254 745 bera
279 713 452 752 voluntas,
484 721 518 745 et
542 712 595 745 vel
620 712 718 746 malis
741 713 974 758 obtemperat,
1005 713 1152 758 propriis
1177 714 1261 746 illuc
1285 723 1319 747 et

173 773 295 807 nativis
319 774 478 807 inclinata
502 775 658 815 nutibus,
691 775 745 807 vel
768 775 810 807 ad
841 775 952 807 bonos
976 787 1011 807 se
1037 774 1151 818 erigit,
1193 775 1316 818 gratiae

174 835 306 869 divinae
331 835 534 882 adjumentis
556 837 726 870 roborata.
774 836 898 883 Utrum
924 849 1006 869 vero
1030 837 1171 870 senserit
1196 837 1317 880 Orige-

172 910 242 938 nes,
266 897 294 931 si
318 897 392 943 quis
417 911 455 930 ex
478 912 533 931 me
557 908 706 944 quaerat,
731 899 820 931 bona
845 899 913 931 fide
930 899 1165 944 responderim
1191 899 1313 941 gratiae

173 959 335 992 auxilium
359 960 532 993 admisisse
556 960 673 1001 illuns,
710 973 891 993 [κου-νεώ
917 960 1091 1005 praevium
1119 960 1315 994 incitamen-

172 1030 256 1062 tum,
280 1031 319 1054 ut
341 1022 497 1067 pluribus
521 1022 609 1055 infra
633 1022 810 1055 disseram:
840 1039 855 1053 »
870 1023 903 1054 ln
928 1023 1027 1055 rebus
1053 1022 1161 1062 bonis,
1179 1022 1235 1066 ¹)«
1264 1022 1313 1054 in-

173 1083 257 1129 quit,
285 1085 495 1118 »humanum
519 1084 736 1130 propositum
761 1085 873 1118 solum
899 1098 960 1129 per
984 1098 1017 1116 se
1050 1084 1161 1129 ipsum
1188 1085 1314 1130 imper-

170 1146 298 1178 fectum
324 1155 374 1179 est
397 1147 440 1180 ad
472 1135 800 1180 consummationem
829 1147 931 1189 boni3
965 1146 1135 1193 adjutorio
1169 1159 1313 1191 namque

171 1207 289 1241 divino
314 1209 355 1242 ad
380 1210 532 1255 perfecta
555 1221 708 1254 quaeque
732 1208 966 1254 perducitur.«
1017 1208 1226 1242 Addidisset:
1255 1218 1314 1241 »et

171 1269 380 1304 excitatur-2«
405 1271 492 1304 bene
517 1284 569 1304 res
593 1271 748 1304 haberet:
773 1284 849 1304 cum
875 1283 912 1303 ex
938 1269 1071 1315 liquido
1094 1270 1220 1315 synodi
1237 1269 1313 1303 Tri-

171 1331 328 1365 deminae
353 1334 493 1366 decreto
516 1333 603 1366 Sess.
632 1333 662 1367 6.
695 1346 766 1378 cap.
791 1332 822 1366 5.
854 1341 887 1364 et
912 1332 1030 1365 Canon
1055 1332 1087 1366 4.
1120 1341 1230 1365 ratum
1254 1331 1309 1372 sit,

173 1392 330 1426 excitanti
354 1403 454 1439 atque
479 1393 650 1440 adjuvanti
681 1393 804 1436 gratiae
829 1392 897 1426 Dei
929 1392 1036 1425 libere
1061 1393 1234 1427 hominem
1259 1407 1310 1427 as-

168 1456 285 1489 sentiri
311 1466 344 1489 et
369 1457 567 1502 cooperari,
591 1469 653 1489 nec
677 1456 790 1502 ipsum
814 1455 899 1488 nihil
923 1467 1038 1497 agere,
1067 1468 1143 1487 cum
1168 1455 1311 1500 inspira-

168 1517 298 1551 tionem
322 1518 417 1552 illam
440 1518 580 1564 recipit,
605 1518 733 1564 quippe
759 1517 816 1563 qui
842 1517 937 1550 illam
962 1525 995 1549 et
1018 1515 1164 1561 abjicere
1189 1516 1309 1561 possit.

256 1580 312 1613 VI.
362 1581 482 1627 Capite
519 1594 657 1626 quoque
689 1580 807 1626 quinto
839 1578 918 1612 libri
948 1578 1088 1611 secundi
1122 1579 1163 1611 de
1196 1579 1309 1621 Pelag.

164 1642 266 1677 Haer.
290 1642 371 1676 haec
396 1643 552 1687 Origenis
576 1644 635 1677 lib.
660 1643 686 1676 I.
711 1641 745 1675 in
771 1655 823 1687 ep.
849 1641 891 1674 ad
924 1641 1024 1674 Rom.
1049 1654 1142 1674 num.
1169 1640 1220 1676 18.
1245 1640 1308 1673 im-

165 1714 293 1748 pugnat
315 1706 509 1740 Jansenius:
547 1706 791 1751 »Frequenter
823 1703 858 1736 in
891 1702 1076 1748 scripturis
1105 1701 1306 1742 invenimus,

164 1775 198 1800 et
221 1780 240 1800 a
263 1767 362 1801 nobis
385 1781 486 1814 saepe
513 1767 692 1801 dissertum
716 1776 801 1808 est,-
825 1765 919 1811 quod
949 1765 1054 1798 homo
1085 1763 1242 1809 spiritus,
1271 1774 1305 1797 et

165 1841 310 1873 corpus,
340 1839 374 1863 et
405 1829 515 1863 anima
540 1836 610 1863 esse
636 1829 783 1862 dicatur:
814 1840 931 1860 verum
957 1839 1035 1859 cum
1059 1825 1200 1866 dicitur,
1225 1825 1305 1871 quia

169 1906 186 1921 n
199 1904 303 1924 »caro
315 1891 350 1936 ²)
384 1891 597 1937 concupiscit
630 1892 787 1925 adversus
817 1888 992 1933 spiritum,
1023 1887 1161 1932 spiritus
1188 1897 1302 1921 autem

165 1953 323 1986 adversus
348 1967 554 1988 carnetum«
585 1953 719 1987 »media
743 1951 865 1997 procul
889 1949 994 1983 dubio
1019 1949 1161 1994 ponitur
1180 1950 1300 1990 anima,

162 2026 247 2057 quae
273 2016 327 2048 vel
352 2015 527 2049 desideriis
549 2015 687 2061 spiritus
710 2012 918 2058 acquiescat,
943 2011 998 2044 vel
1023 2012 1066 2045 ad
1090 2012 1195 2045 carnis
1221 2025 1301 2045 eon-

162 2076 383 2121 cupiscentias
406 2077 596 2111 inclinetur.
608 2090 624 2104 «ι
674 2076 783 2109 Dolet
806 2074 985 2114 Janseni0,
1024 2074 1119 2119 quod
1142 2073 1298 2118 spiritum

158 2137 269 2180 illum,
293 2141 451 2173 adversus
476 2152 576 2184 quem
601 2137 812 2183 concupiscit
834 2149 926 2178 carn,
953 2143 1090 2176 »voeet,
1113 2148 1180 2168 non
1198 2148 1296 2170 more

258 2259 289 2303 ¹)
314 2262 418 2296 Deest
450 2263 598 2295 »honis«
629 2263 661 2296 in
688 2263 763 2296 edd.
790 2263 831 2295 H.
930 2260 964 2303 ²)
991 2260 1058 2293 Csr.
1088 2261 1162 2295 Gal.
1184 2262 1221 2301 V,
1251 2262 1292 2297 17
