1403 2492
389 48 701 83 Omcssmmonum
727 48 843 83 Lmen
868 50 882 82 Ι
886 51 902 82 Ι
905 75 911 82 .
1155 49 1222 84 309

87 137 172 181 quis,
195 135 323 181 inquit,
347 148 525 182 corruptos
557 152 626 171 esse
652 138 807 180 Origenis
833 138 955 171 libros:
985 150 1054 170 non
1085 137 1218 178 resisto,

85 198 166 243 quin
190 198 304 242 potius
329 208 362 232 et
385 201 487 232 malo.
534 201 620 232 Nam
653 200 689 233 id
719 213 737 233 a
767 199 966 245 quibusdam
997 208 1030 232 et
1052 199 1213 232 traditum

85 269 117 292 ct
140 259 302 304 scriptum
331 269 389 300 est,
415 273 481 292 non
508 260 691 294 Catholicis
712 271 852 303 tantum,
877 274 995 294 verum
1012 261 1112 294 etiam
1125 261 1214 294 Hae-

80 321 224 354 reticis.·‹
275 325 405 354 Auctor
434 322 586 365 Catalogi
616 324 657 356 ad
681 323 913 356 Desiderium:
952 322 1076 356 »Multi
1099 331 1210 355 tamen

79 383 211 428 aliquos
237 383 306 428 ejus
331 383 520 428 (Origenis)
553 385 718 428 pessimos
749 385 933 429 discipulos
971 385 1077 417 multa
1109 397 1209 417 vene-

78 458 159 478 nosa
182 446 244 478 sub
268 444 338 490 ejus
362 445 499 478 nomine
524 446 667 479 edidisse
691 455 898 480 testantur:«
925 460 1009 491 quae
1032 447 1132 479 verba
1155 459 1206 478 re-

78 508 162 551 petit
184 507 288 540 Beda.
336 511 465 539 Auctor
494 507 738 541 praedestinati
769 508 869 541 Haer.
900 507 955 542 22.
991 518 1024 541 et
1055 508 1110 542 43.
1141 507 1205 539 rni-

76 568 166 600 nime
189 569 230 600 ab
254 567 304 601 his
336 568 521 613 discrepat,
554 569 715 614 additque
747 568 1004 614 Ampullianum
1037 568 1203 613 quendam

75 629 347 662 Haeresiarclnam
377 630 567 674 Bithynum
599 631 794 664 adstruendi
822 629 875 663 sui
906 630 1073 672 dogmatis
1097 629 1201 671 gratia

73 690 207 723 vitiatos
231 704 250 723 a
272 704 306 723 se
332 691 486 734 Origcnis
511 692 616 725 libros
644 693 836 737 protulisse.
883 691 1041 736 Denique
1066 691 1200 736 Haymo

71 752 329 784 Albcrstatensis
357 752 391 784 in
423 752 512 785 libro
542 755 583 787 de
611 754 873 787 Christianarum
897 766 1010 786 rerum
1032 751 1199 785 memoria

68 813 114 846 ita
138 813 290 846 disserit:
324 813 417 855 »Ego
444 828 520 847 sane
545 816 586 848 de
612 816 759 858 Origene
784 815 857 847 viro
882 824 950 847 tam
975 813 1114 853 illustri,
1140 814 1198 846 ab-

64 875 320 907 stinentissimae
350 875 438 908 vitae
469 886 502 909 et
535 877 752 917 castissimae,
788 876 979 921 praeclarae
1011 874 1196 914 doctrinae,

63 936 141 980 puri
165 946 198 969 et
223 936 328 969 lucidi
351 938 526 978 sermonis,
549 940 639 972 salva
662 939 729 971 fide
754 939 891 971 Patrum
917 938 1077 979 dixerim,
1101 937 1195 982 quod

62 998 143 1030 haec
168 997 307 1030 omnino
331 1012 401 1031 non
424 1000 614 1045 scripserit,
652 1001 711 1033 sed
741 1002 782 1032 ab
813 1000 999 1034 Haereticis
1029 1001 1074 1032 ob
1097 1011 1194 1043 prae-

62 1060 189 1092 clarum
220 1072 346 1091 nomen
378 1059 449 1106 ejus
485 1063 739 1102 offuscandum,
771 1062 916 1103 maligne
947 1061 1089 1094 conficta
1113 1069 1191 1093 sunt

61 1131 95 1154 et
119 1121 320 1165 conscripta,
344 1131 377 1155 et
399 1122 530 1154 nomini
553 1136 614 1155 suo
638 1123 881 1168 praetitulata«

152 1183 291 1216 Constat
314 1185 472 1227 profecto
496 1184 636 1216 solenne
669 1185 703 1217 id
728 1198 797 1218 esse
822 1184 1028 1223 Haereticis,
1058 1192 1188 1215 veteres

59 1245 164 1277 libros
189 1246 403 1277 arcessendae
435 1245 499 1278 sibi
529 1246 736 1280 auctoritatis
767 1260 880 1280 caussa
911 1246 1049 1278 violare.
1103 1244 1187 1277 Fre-

57 1307 192 1352 quentia
216 1316 398 1339 occurrunt
421 1308 575 1352 exempla
598 1308 631 1340 in
657 1309 798 1341 Panario
818 1307 1011 1353 Epiphanii.
1057 1306 1185 1340 Scribit

57 1368 138 1401 item
168 1369 331 1410 Evagrius
362 1368 438 1402 libr.
464 1370 526 1402 ΙΙΙ.
557 1383 628 1414 cap.
654 1370 725 1410 3l.,
764 1371 985 1403 Nestorianos
1016 1378 1049 1402 et
1078 1367 1183 1413 Euty-

54 1430 191 1462 chianos
214 1439 405 1462 sanctorum
424 1430 560 1463 Patrum
586 1431 837 1464 lucubrationes
856 1444 956 1476 saepe
972 1431 1182 1475 depravasse,

51 1492 245 1536 multosque
268 1491 472 1536 Apollinarii
488 1492 592 1525 libros
611 1493 779 1535 Gregorio
792 1493 1056 1535 Thaumaturgo,
1080 1491 1182 1523 Atha-

40 1552 155 1592 nasio,
180 1561 214 1585 et
235 1553 328 1585 Julio
352 1553 488 1586 mutatis
518 1553 625 1586 titulis
647 1553 872 1598 adscripsisse.
920 1552 1180 1599 Apollinaristas

49 1627 186 1659 quoque
222 1614 342 1659 Cyrilli
384 1615 489 1647 libros
527 1616 728 1659 pervertisse
768 1626 887 1650 auctor
923 1627 971 1650 est
1003 1614 1176 1649 Leontius.

48 1675 206 1708 Notarius
230 1684 404 1719 praeterea
427 1676 592 1709 Homilias
613 1677 779 1719 OrigeniS‚
804 1688 838 1711 et
860 1679 983 1711 dictata
1009 1690 1048 1710 ex
1071 1676 1176 1721 ipsius

49 1751 107 1770 ore
132 1737 336 1781 excipientes
366 1750 428 1782 per
456 1737 595 1770 nimiam
624 1738 878 1772 festinationem
908 1738 1079 1772 erroribus
1111 1735 1172 1769 ali-

47 1800 167 1845 quibus
191 1798 387 1843 respersisse
411 1799 628 1840 crediderim;
659 1814 722 1833 nec
746 1814 814 1834 non
845 1811 878 1834 et
900 1801 1053 1834 indoctas
1076 1798 1173 1843 puel-

47 1863 111 1901 las,
142 1874 281 1906 quarum
315 1874 420 1906 opera
451 1862 493 1894 ad
524 1863 706 1895 exarandos
741 1863 856 1896 nitidis
885 1863 991 1896 literis
1023 1860 1170 1895 Codices

42 1924 208 1956 utebatur.

132 1985 201 2018 Sed
225 1984 452 2028 Hieronymus
475 1994 581 2018 totam
599 1987 681 2018 hanc
699 1986 865 2029 Origenis,
889 1999 972 2031 quae
997 1999 1035 2017 ex
1061 1984 1166 2016 libro-

43 2060 117 2079 rum
140 2046 243 2091 ipsius
268 2046 506 2090 depravatione
530 2048 673 2092 petitur,
705 2049 938 2082 defensionem
963 2047 1060 2080 {locri
1086 2045 1165 2078 facit

42 2109 118 2141 libr.
143 2108 184 2141 ll.
211 2107 355 2152 Apolog.
380 2110 453 2142 adv.
479 2110 589 2144 Rufin.
615 2124 686 2155 cap.
711 2111 742 2145 4.
768 2120 801 2143 et
824 2112 868 2151 5.,
891 2119 923 2142 et
948 2122 1024 2142 cum
1040 2107 1165 2141 Rufino

41 2171 164 2216 pedem
189 2170 337 2210 confert,
366 2184 404 2203 ac
436 2172 510 2204 loca
545 2172 717 2214 Origenis,
743 2173 777 2206 in
802 2173 922 2218 quibus
947 2171 1165 2217 repugnantia

41 2243 167 2266 exstare
191 2232 319 2265 dixerat
343 2233 495 2274 Rufinus,
518 2235 682 2279 designari
706 2235 769 2270 sibi
782 2237 940 2281 postulat.
979 2237 1050 2269 Nos
1075 2243 1165 2267 certe
