1403 2492
391 91 702 125 Omana-monum
727 88 839 122 Lmen
862 89 905 124 11.
1131 87 1199 123 127

72 182 236 226 quosdam
260 179 294 214 in
322 180 541 213 ecclesiastica
567 179 644 221 side,
670 178 763 224 quasi
787 180 879 212 velut
902 179 1022 219 stulte,
1048 187 1080 212 et
1104 180 1200 224 peni-

73 252 126 275 tus
149 242 346 288 insipienter
369 243 410 274 de
435 241 678 274 resurrectione
715 241 886 280 crederet,
918 241 1098 286 praecipue
1124 242 1202 274 liae-

72 304 232 338 reticos«
280 305 428 337 Multum
455 315 589 348 quoque
613 303 813 347 prodessent
838 303 879 334 ad
904 303 1000 348 liujus
1012 304 1200 346 argumenti

70 365 328 399 illustrationem
361 365 557 400 Hammonis
592 363 893 407 Hadrianopolitae
931 365 1008 397 libri
1044 367 1200 398 adversus

72 428 252 470 origenem
277 441 378 472 super
401 440 438 459 ea
462 426 655 471 quaestione
685 426 818 470 scripti,
848 425 873 458 si
906 426 959 457 vel
990 437 1202 471 superessent

72 488 140 529 illi,
167 490 218 522 vel
243 490 449 522 tantumdem
483 497 570 520 certe
603 500 640 519 ex
674 487 714 519 iis
745 488 961 532 depromtum
994 489 1201 531 pervenisset

70 551 111 583 ad
136 564 207 591 nos,
231 560 390 596 quantum
414 564 431 583 e
456 549 623 583 Methodii
648 562 752 593 opere
777 548 926 593 ejusdem
953 549 1095 582 instituti
1120 550 1202 595 Epi-

70 611 211 657 phanius
242 621 275 644 et
303 612 444 644 Pliotius
481 620 674 654 excerptum
706 619 890 642 servarunt.
946 612 1073 643 Verum
1107 621 1202 644 vetu-

69 682 152 706 state
177 674 356 706 consumtis
381 673 431 706 his
456 672 816 712 commentationibus,
846 671 907 704 liae
939 686 1005 717 ope
1036 673 1200 713 destituti¹

71 735 192 778 partim
215 748 253 767 ex
272 735 427 777 Origenis
444 736 638 777 dogmatum
656 734 887 779 ἀλληλουχίᾳ,
913 734 1036 779 partim
1054 748 1092 766 ex
1115 735 1199 767 alio—

69 811 143 830 rum
169 796 503 842 expostulationibus,
527 796 649 840 partim
676 807 716 829 ex
745 795 814 841 ejus
838 795 982 840 scriptis,
1009 795 1198 841 cujusmodi

68 859 109 892 ad
133 868 282 891 nostram
305 867 530 903 pervenerunt
553 868 707 898 aetatem,
731 858 811 903 quid
837 858 901 902 ipsi
928 858 1035 890 visum
1058 858 1111 900 sit,
1134 872 1198 903 pro

70 920 193 953 viribus
217 920 441 953 aestimemus.

158 983 201 1015 H.
249 982 354 1025 Quod
385 982 413 1014 si
442 996 514 1015 rem
544 982 692 1027 primum
724 996 763 1014 ex
794 982 966 1015 doctrinae
1003 983 1107 1027 ipsius
1131 992 1201 1015 tex·

66 1053 142 1077 tura
165 1054 315 1089 spectare
338 1045 491 1084 velimus,
516 1044 705 1077 meminisse
733 1054 869 1089 oportet
885 1053 1075 1077 accusatum
1099 1045 1201 1078 fuisse

69 1120 158 1146 euin,
183 1107 274 1151 quod
299 1105 442 1138 animam
466 1107 572 1138 solam
598 1106 771 1138 hominem
790 1107 1006 1147 constituere,
1030 1116 1107 1151 post
1123 1108 1201 1139 Pla·

69 1178 196 1208 tonem,
222 1169 359 1201 dixerit:
384 1177 418 1200 et
442 1169 533 1212 quod
559 1167 682 1199 animas
706 1181 769 1211 pro
787 1167 932 1212 peccatis
953 1167 986 1199 in
1011 1168 1100 1200 varia
1127 1182 1200 1200 cor-

68 1243 164 1275 pora,
188 1229 235 1262 sic
259 1240 417 1274 tanquam
442 1230 475 1261 in
501 1229 633 1261 vincula
658 1228 825 1273 conjectas
851 1229 1045 1271 tradiderit,
1078 1239 1115 1262 ut
1147 1244 1200 1262 su-

71 1306 131 1338 pra
170 1292 430 1324 observavimus.
492 1291 621 1324 Ferunt
656 1300 829 1335 praeterea
867 1304 1062 1335 persuasum
1099 1292 1200 1325 fuisse

70 1355 132 1395 illi,
159 1355 324 1387 Adamum
349 1362 493 1398 propter
521 1366 642 1385 noxam
673 1354 811 1385 mortali
840 1353 940 1385 suisse
973 1365 1118 1397 corpore
1151 1353 1200 1385 in-

69 1419 200 1457 dutum,
224 1429 291 1460 quo
316 1415 408 1459 prius
433 1415 584 1454 carebat,
610 1428 685 1447 cum
712 1415 912 1448 immortalis
937 1427 953 1447 a
979 1415 1056 1446 Deo
1081 1415 1198 1448 suisset

67 1488 282 1525 procreatus;
305 1477 531 1522 pelliceasque
557 1477 700 1516 tunicas,
725 1490 805 1522 quas
830 1476 859 1508 ei
883 1477 977 1508 Deus
1001 1486 1079 1521 post
1103 1491 1200 1521 prae-

65 1540 302 1574 varicationem
345 1538 622 1583 circumposuisse
662 1538 803 1578 dicitur,
841 1538 924 1570 nihil
965 1538 1066 1571 fuisse
1107 1540 1201 1572 aliud

67 1617 167 1649 quam
192 1615 335 1646 corpora
359 1601 530 1642 mortalia3
564 1613 638 1633 ossa
661 1613 759 1640 vero,
789 1609 822 1632 et
857 1613 987 1639 carnes,
1019 1614 1099 1645 quas
1124 1611 1199 1634 ante

65 1675 241 1712 peccatum
265 1663 418 1696 habuisse
445 1663 610 1695 Adamum
634 1663 808 1706 Scriptura
833 1672 1094 1702 commemorat,
1128 1676 1199 1695 car-

65 1740 123 1760 nes
148 1740 217 1759 esse
242 1723 492 1767 intelligibiles,
527 1733 559 1755 et
590 1737 662 1756 ossa
692 1724 929 1765 intelligibilia.
976 1724 1061 1756 Cum
1100 1725 1200 1766 igitur

66 1789 207 1821 mortale
240 1799 363 1831 corpus
387 1785 607 1818 adventitium
633 1785 713 1830 quid
737 1798 774 1817 ac
799 1795 990 1817 extraneum
1016 1799 1086 1817 esse
1111 1786 1200 1818 arbi-

67 1859 170 1883 tratus
193 1850 250 1889 sit,
283 1848 434 1892 sequitur
468 1849 546 1880 inde
578 1846 783 1886 necessario,
821 1847 1008 1890 expurgatis
1040 1848 1199 1891 peccatis,

69 1911 296 1954 exsolutisque
320 1909 507 1954 suppliciis,
531 1911 670 1942 liberam
692 1910 826 1941 tandem
848 1909 1028 1952 aliquando
1043 1909 1199 1949 animam,

69 1972 368 2017 corporaliumque
408 1972 612 2016 compedum
651 1972 801 2015 pondere
834 1980 1045 2002 exoneratam
1086 1982 1198 2004 resur-

67 2049 153 2079 gere.
200 2035 285 2067 Nam
309 2033 336 2065 si
359 2045 468 2077 poena
493 2042 542 2066 est.
564 2043 690 2075 gestare
716 2045 848 2077 corpus,
873 2042 1000 2073 gestare
1021 2041 1109 2064 certe
1124 2046 1198 2065 cor-

67 2113 129 2144 pus
155 2096 285 2130 desinet
308 2095 426 2135 anima,
451 2108 526 2127 cum
552 2109 660 2140 poena
687 2095 835 2129 cessabit.
879 2095 1010 2138 Corpus
1035 2094 1122 2126 illud
1147 2094 1196 2126 in-

65 2160 203 2202 telligo,
240 2157 332 2203 quod
364 2157 398 2188 in
429 2156 561 2189 sceleris
593 2157 717 2189 luelam
741 2157 843 2189 subiit
867 2156 954 2199 ipsa,
985 2170 1082 2198 grave
1108 2157 1195 2189 illud

65 2235 204 2267 nempe,
228 2230 416 2257 terrenum,
441 2227 473 2250 et
497 2231 668 2257 carnenm3
691 2231 760 2251 non
786 2218 869 2250 illud
897 2227 1027 2257 autem,
1059 2218 1194 2262 quicum

62 2275 238 2329 procreata
271 2281 418 2326 primuni
451 2290 484 2314 ct
516 2294 533 2314 a
565 2282 640 2313 Deo
673 2280 816 2312 formata
848 2290 908 2313 est.
961 2279 1048 2312 Huic
1080 2293 1195 2312 consc-
