1403 2492
393 80 708 115 Omennmsomm
740 80 852 115 Lumn
876 82 921 116 ΙΙ.
1176 82 1220 119 35

82 169 226 205 Crimini
256 170 291 203 id
323 169 387 215 ipsi
415 171 529 204 datum
559 170 661 204 fuisse
687 180 820 204 narrant
842 171 1042 217 Pamphilus
1063 172 1099 206 in
1125 174 1219 218 Apo-

82 232 188 274 logia,
223 242 255 265 et
284 245 383 278 saepe
417 232 570 265 laudatus
594 244 781 279 anonymus
804 232 930 266 Photii.
978 234 1217 281 Hieronymus,

82 293 176 338 cujus
200 295 300 327 verba
324 307 424 339 supra
448 293 660 327 recitavimus
691 307 730 327 ex
760 294 857 339 epist.
882 294 935 329 59.
960 296 1002 328 ad
1028 295 1116 330 Avit.
1142 311 1214 342 cap.

82 354 111 389 1.
136 355 168 388 2.
195 365 228 388 et
251 355 302 396 4.,
333 365 366 389 et
390 356 464 389 libr.
490 355 521 390 2.
551 355 698 400 Apolog.
726 356 802 390 adv.
826 356 938 390 Rusm.
964 370 1035 402 cap.
1059 358 1111 400 4.,
1134 359 1216 393 Ori-

79 429 198 458 genem
223 417 358 451 incessit
382 417 505 451 erroris
529 417 680 462 ejusdem
704 417 854 458 nornine,
879 431 978 463 quem
1003 419 1061 453 lib.
1077 420 1106 455 1.
1131 423 1216 466 περὶ

79 477 203 524 ἀρχῶν
230 479 345 512 haberi
368 479 460 513 dicit.
512 480 602 512 Loca
635 479 707 524 ipsa
730 479 885 522 Origenis
910 480 1088 526 descripsit
1110 482 1216 516 Justi-

76 540 195 574 nianus
219 542 259 574 ad
285 541 410 574 calcem
436 555 489 586 ep.
514 541 555 574 ad
578 541 737 583 Menam,
769 554 855 587 quae
886 556 962 575 cum
987 542 1020 575 in
1044 542 1095 576 his
1118 544 1213 578 libris

75 601 178 636 hodic
202 616 270 635 non
296 613 521 647 compareant,
545 603 728 636 verisimile
754 614 802 637 est
826 617 844 637 a
859 604 985 637 Rufino
1010 604 1113 638 fuisse
1132 619 1211 651 sup-

75 677 199 708 pressa.
245 665 404 709 Pepercit
427 665 558 698 nomini
582 665 737 708 Origenis
762 665 976 706 Philastrius,
1007 679 1079 699 rem
1103 666 1211 712 ipsam

73 725 194 769 tetigit,
220 735 320 771 atque
342 727 407 760 hoc
431 736 629 769 argumento
654 726 853 767 confutavit,
877 728 971 772 quod
993 727 1102 762 anima
1117 738 1213 774 post-

74 800 172 832 quam
198 800 344 832 corpore
368 788 479 821 soluta
511 799 577 829 est,
612 789 648 821 in
683 789 801 821 locum
829 797 993 822 statutum
1024 790 1211 824 deducatur

71 850 113 882 ab
136 850 276 891 angelo,
300 859 338 882 ut
361 864 425 895 pro
449 850 582 883 meritis
604 850 671 884 suis
696 860 886 888 exornetur,

160 911 257 948 XIX,
293 912 400 945 Recte
425 913 564 957 quidem
587 911 796 946 accusationi
819 925 898 946 suae
924 912 1093 946 consuluit
1104 913 1209 946 Justi-

70 973 204 1014 nianus,
243 968 500 1016 cum⁴Origenis
531 975 634 1008 verba
663 974 737 1020 ipsa
767 974 964 1020 descripsit,
1000 974 1120 1020 quibus
1150 976 1208 1008 ab-

70 1035 210 1067 surdum
235 1034 322 1067 illud
349 1045 382 1068 et
404 1035 548 1080 impium
576 1037 699 1079 dogma
724 1036 934 1078 continetur;
958 1046 1026 1069 tarn
1049 1037 1208 1082 frequen-

68 1097 160 1130 tibus
193 1097 321 1142 quippe
354 1106 388 1130 et
419 1098 542 1142 apertis
572 1098 777 1131 testimoniis
801 1098 882 1131 alibi
905 1099 1098 1143 repudiavit
1121 1099 1208 1132 illud

68 1158 308 1198 Adamantius,
344 1168 377 1191 et
410 1159 600 1199 damnavit,
639 1160 693 1193 vix
724 1169 762 1192 ut
797 1159 831 1192 in
866 1159 1015 1193 animum
1044 1160 1207 1193 inducere

67 1219 214 1265 possim,
246 1219 438 1261 homiuem,
472 1234 543 1253 non
574 1220 640 1266 jam
672 1220 750 1253 dico
774 1233 904 1253 summa
928 1221 1107 1254 florentem
1132 1234 1206 1254 eru-

69 1282 199 1315 ditione
224 1291 258 1314 et
281 1281 428 1324 ingenio,
452 1283 510 1315 sed
527 1295 596 1315 non
621 1283 804 1315 vecordem
828 1282 970 1315 omnino
992 1292 1025 1315 et
1042 1283 1206 1324 insanum,

67 1353 134 1377 tam
159 1343 378 1388 repugnantia
402 1343 468 1375 sibi
493 1352 527 1376 et
553 1343 722 1376 contraria
744 1357 814 1376 uno
839 1344 1030 1389 eodemque
1047 1357 1106 1377 ore
1124 1358 1206 1390 pro-

67 1405 246 1439 nuntiasse.
292 1406 330 1438 In
355 1406 421 1437 hoe
446 1405 520 1449 ipso
547 1404 692 1449 quippe,
724 1406 817 1450 q'uod
849 1406 964 1439 laudat
985 1405 1205 1447 Justinianus‚

91 1480 171 1512 pere
197 1468 238 1500 de
263 1466 462 1512 Principiis,
488 1467 547 1499 lib.
577 1466 607 1501 1.
634 1479 706 1511 cap.
731 1467 873 1507 ultimo,
897 1481 989 1500 num.
1014 1468 1045 1502 4.
1069 1467 1115 1501 ita
1139 1469 1205 1501 dis-

67 1530 161 1563 serit:
201 1529 290 1563 »Illa
324 1542 402 1562 sane
440 1542 502 1561 nos
537 1541 752 1573 nequaquam
786 1529 983 1574 recipienda
1019 1542 1205 1570 censemus,

64 1605 149 1638 quae
175 1601 210 1624 et
237 1604 255 1624 a
286 1592 487 1636 quibusdam
518 1591 691 1635 superfluo
723 1591 777 1623 vel
809 1591 958 1636 requiri,
992 1592 1046 1624 vel
1076 1591 1203 1624 adstrui

62 1654 192 1694 solent,
224 1653 259 1686 id
285 1662 349 1693 est,
382 1653 475 1698 quod
500 1652 630 1685 animae
659 1652 693 1684 in
718 1661 847 1686 tantum
872 1653 923 1686 sui
948 1654 1123 1686 decessum
1147 1666 1204 1686 ve-

61 1716 173 1756 niant,
203 1724 240 1748 ut
264 1724 401 1748 naturae
433 1714 607 1747 rationalis
633 1727 671 1747 ac
696 1715 863 1757 dignitatis
890 1715 1016 1748 oblitae
1044 1716 1144 1748 etiam
1169 1715 1204 1748 in

64 1779 218 1810 ordinem
252 1777 539 1809 irrationabilium
572 1776 787 1816 animalium,
823 1778 877 1809 vel
908 1777 1110 1817 bestiarum,
1148 1777 1202 1809 vel

60 1840 231 1884 pecudum
264 1839 523 1872 devolvantur.«
581 1838 725 1882 Reliqua
755 1837 868 1871 studio
901 1838 1074 1871 brevitatis
1106 1851 1204 1883 prae·

61 1900 233 1939 termino,
258 1913 343 1944 quae
367 1909 480 1932 tamen
505 1900 547 1932 ad
571 1912 644 1931 rem
668 1898 806 1932 faciunt.
852 1899 897 1931 Et
922 1900 996 1933 libr.
1014 1900 1056 1933 II.
1084 1901 1124 1932 de
1149 1913 1203 1932 re-

59 1961 280 2001 surrectione,
305 1975 405 2005 quem
432 1963 545 1994 locum
567 1961 700 1994 exhibet
716 1961 931 2006 Pamphilus:
959 1978 976 1994 υ
989 1962 1058 1995 Sed
1082 1962 1200 2004 sicut‚«

60 2023 187 2067 inquit,
221 2036 315 2056 »non
345 2032 394 2055 est
417 2025 621 2067 putandum,
658 2024 752 2067 quod
777 2022 974 2056 animalium
1000 2035 1123 2068 corpus
1148 2036 1203 2056 ac·

60 2094 218 2129 cepturus
252 2085 294 2117 sit
324 2095 500 2128 peccator,
535 2093 591 2116 aut
624 2085 820 2125 volucrum,
857 2095 912 2117 aut
949 2084 1112 2130 piscium3
1153 2085 1200 2117 sic

61 2160 171 2191 neque
197 2146 296 2186 solIS,
321 2156 377 2178 aut
402 2146 518 2185 lunae,
543 2155 601 2178 aut
624 2146 800 2179 stellarum
825 2147 971 2179 sormam
995 2147 1200 2191 sperandum

59 2217 108 2241 est
137 2208 290 2253 accipere
322 2221 399 2249 eos,
436 2208 492 2252 qui
526 2218 699 2251 resurgent
735 2209 769 2242 in
800 2208 925 2252 gloria:
962 2209 1021 2241 sed
1055 2208 1200 2254 exempli

938 2269 998 2304 345·
