1403 2492
394 85 706 118 Omessmauonum
732 84 845 117 Lmen
872 84 913 118 ΙΙ.
1142 87 1208 122 273

73 172 134 206 tin.
183 173 214 205 Is
240 172 352 205 Tomo
369 172 445 205 Xll.
473 172 505 204 in
530 172 650 205 Matth.
677 185 769 204 num.
787 172 839 208 14.
865 173 980 206 scribit
1004 183 1207 218 potestatem

73 233 219 266 clavium
245 234 366 266 habere
393 233 581 278 episcopm,
607 243 639 265 et
665 246 750 278 quae
775 235 816 266 ab
834 234 914 279 ipsis
940 235 993 267 vel
1019 236 1128 278 ligata,
1152 238 1207 270 vel

72 295 183 327 solnta
207 304 283 327 sunt
315 295 348 327 in
382 295 496 334 terris,
532 294 630 336 ligata
667 307 736 328 esse
769 304 803 328 et
834 296 946 328 soluta
969 296 1003 329 in
1028 298 1147 338 coelo,
1179 299 1207 331 si

71 357 176 388 modo
202 356 295 388 Petri
321 356 458 390 virtutes
482 357 711 389 aemulentur:
744 356 794 389 sin
819 367 1040 402 peccatorum
1064 359 1206 392 vinculis

71 418 198 460 alligati
223 427 418 458 teneantur,
443 418 564 450 frustra
590 430 647 449 eos
673 417 773 459 ligare
799 427 832 450 et
855 419 998 453 solvere.
1048 419 1153 463 Quod
1177 421 1205 454 si

70 479 198 512 meritis
222 479 303 512 licet
326 492 364 512 ac
387 479 513 524 pietate
538 478 716 512 inferiores
741 480 856 520 Petro,
881 479 1100 514 nihilominus
1126 482 1205 524 liga-

70 551 141 574 tum
168 540 207 573 iri
232 550 368 585 sperent
392 541 426 573 in
451 540 562 580 coelo,
588 549 621 572 et
645 541 814 581 solutum,
837 555 922 586 quae
945 543 979 574 in
1004 543 1100 576 terris
1126 543 1206 585 liga-

71 603 178 635 verint
203 612 236 634 et
260 602 440 635 solverint:
477 601 664 644 legitimum
690 615 747 635 eos
772 603 1022 647 Scripturarum
1048 604 1202 646 ignorare

68 678 212 703 sensum,
238 673 271 696 et
294 663 452 707 superbia
476 673 669 696 excaecatos
702 677 782 698 esse.
831 665 870 696 ln
893 664 980 697 hunc
1006 666 1120 698 locum
1146 680 1202 699 an-

67 735 164 758 notat
187 726 300 760 Sixtus
324 723 480 758 Senensis
513 724 589 757 libr.
616 725 671 758 Vl.
704 738 779 759 ann.
805 725 877 766 70.,
906 727 1058 759 alludere
1084 728 1204 770 Orige-

68 801 145 820 nem
177 788 218 820 ad
249 798 399 819 errorem
435 787 476 818 ab
509 786 652 819 Hussitis
687 788 908 831 postmodum
939 799 1202 833 propugnatum,

67 850 125 894 qui
149 850 259 893 Papae
284 857 315 880 ct
342 847 584 892 episcoporum
609 858 813 893 potestatem
850 863 888 882 ex
920 863 1055 882 morum
1079 853 1199 884 sancti-

67 921 133 944 tate
157 910 306 955 pendere
332 910 501 949 volebant,
529 920 566 942 ut
592 910 858 955 quotiescunque
884 912 1058 956 peccando
1083 913 1202 945 fierent

65 972 157 1006 Petri
182 971 370 1010 dissimiles,
395 984 460 1003 una
485 981 688 1015 potestatem
712 973 815 1016 ipsius
834 973 1044 1015 amitterent3
1067 975 1201 1007 damna-

66 1044 205 1078 tumque
236 1033 324 1065 hunc
359 1045 430 1065 esse
460 1046 478 1065 a
509 1033 604 1066 Trid.
637 1034 722 1077 Syn.
758 1035 846 1068 sess.
878 1035 930 1069 14.
963 1035 1042 1068 Can.
1069 1035 1122 1073 10.
1151 1036 1201 1069 his

66 1095 194 1128 verbis:
228 1094 286 1128 »Si
318 1094 392 1138 quis
425 1093 545 1126 dixerit
569 1096 780 1134 sacerdotes,
805 1096 863 1140 qui
888 1096 920 1128 in
945 1106 1085 1140 peccato
1110 1111 1202 1130 mor-

65 1158 124 1190 tali
149 1166 234 1197 sunt,
259 1164 462 1200 potestatem
488 1156 612 1197 ligandi
637 1166 670 1188 et
693 1157 849 1190 solvendi
872 1171 940 1190 non
966 1159 1100 1199 habere,
1125 1173 1202 1193 ana-

65 1220 178 1253 tliema
202 1227 305 1250 esto.¹‹
354 1217 530 1250 Assentior
554 1218 670 1258 Sixto,
706 1228 738 1251 et
762 1232 903 1263 peccare
927 1219 981 1264 ajo
1007 1220 1201 1262 Origenem,

66 1291 166 1326 atque
191 1281 275 1312 hanc
299 1278 405 1311 videri
430 1280 591 1324 amplecti
616 1280 784 1320 haeresin,
815 1280 851 1313 in
883 1294 947 1325 qua
980 1282 1102 1315 deinde
1128 1297 1201 1316 ver-

63 1343 125 1377 sati
149 1351 225 1375 sunt
248 1341 466 1380 Donatistae,
499 1355 575 1374 cum
609 1355 627 1374 a
652 1343 865 1375 sacerdotum
890 1343 1066 1376 sanctitate
1093 1345 1200 1377 eccle-

62 1406 127 1439 siae
153 1412 357 1449 potestatem
380 1403 637 1446 suspenderunt.
685 1406 843 1436 Attamen
874 1405 1089 1437 commodam
1116 1407 1199 1439 haec

64 1476 204 1513 possunt
236 1464 550 1508 interpretationem
581 1465 766 1498 admittere.
814 1465 971 1505 Frustra,
1002 1465 1127 1510 inquit,
1160 1467 1199 1500 li-

64 1528 162 1572 gandi
188 1527 240 1559 vel
265 1526 419 1559 solvendi
444 1536 648 1571 potestatem
672 1527 736 1560 sibi
756 1537 910 1569 arrogant
925 1526 1088 1572 episcopi,
1113 1542 1199 1573 quae

61 1592 165 1625 Petro
191 1588 372 1634 praecipue
406 1601 562 1621 concessa
597 1599 663 1629 est,
702 1589 766 1622 nisi
798 1590 934 1630 eadem,
973 1603 1037 1634 qua
1068 1590 1199 1632 Petrus,

63 1651 238 1686 sanctitate
257 1659 290 1682 et
306 1649 472 1692 aequitate
488 1650 648 1683 floreant:
673 1651 738 1684 hoc
757 1661 815 1691 est,
839 1651 904 1683 nisi
921 1652 1073 1691 eandem,
1098 1666 1198 1697 quam

62 1716 199 1752 Petrus,
238 1710 441 1754 aequitatem
486 1710 520 1743 in
555 1712 720 1744 solvendo
762 1722 795 1744 et
830 1712 965 1753 ligando
1009 1713 1197 1749 adhibeant.

64 1777 150 1810 Cum
182 1785 261 1815 ergo
293 1781 361 1804 tam
392 1782 504 1804 sancte
537 1772 609 1818 jure
640 1786 700 1805 suo
726 1774 846 1806 Petrus
875 1782 1044 1816 uteretur,
1075 1785 1113 1807 ut
1139 1789 1196 1810 eos

62 1847 190 1871 tantum
216 1833 410 1867 criminibus
434 1835 591 1873 solveret,
615 1835 672 1879 qui
697 1834 731 1867 id
750 1835 962 1879 poenitentia
985 1849 1044 1868 sua
1069 1847 1100 1869 et
1124 1838 1197 1882 pie—

63 1909 132 1932 tate
158 1905 264 1930 essent
290 1895 479 1940 promeriti,
504 1895 596 1928 solos
620 1896 739 1928 noxios
766 1896 901 1939 ligaret3
925 1897 952 1929 si
978 1897 1051 1942 quis
1065 1899 1196 1943 episco-

62 1974 125 2006 pus
150 1959 252 1991 Petro
278 1956 450 1989 dissimilis
484 1967 650 2001 potestate
685 1959 824 1990 abutens
855 1971 913 1991 sua
944 1958 1092 1992 insontes
1118 1961 1197 2003 liga-

64 2021 160 2060 verit,
183 2019 337 2060 indignos
361 2019 522 2057 solverit,
552 2032 620 2051 non
651 2020 790 2064 perinde
823 2018 857 2051 in
882 2020 980 2052 coelo
1006 2034 1040 2053 se
1065 2034 1116 2054 res
1140 2022 1197 2056 ha-

65 2083 168 2117 bebit.
216 2080 376 2114 Subsidio
415 2089 465 2113 cst
495 2080 633 2122 Origeni
669 2080 758 2113 istud
791 2081 996 2127 Hieronymi
1027 2083 1102 2116 libr.
1135 2085 1194 2118 ΠΙ.

63 2147 94 2178 in
122 2143 241 2177 Matth.
266 2143 358 2181 XVl,
384 2142 434 2176 19.
478 2143 600 2174 »lstum
634 2142 749 2174 locum
774 2142 926 2187 episcopi
950 2153 984 2176 et
1007 2146 1195 2192 presbytcri

64 2220 130 2239 nou
157 2204 399 2245 intelligentes,
437 2203 563 2247 aliquid
588 2204 652 2236 sibi
677 2204 718 2236 de
743 2204 998 2238 Pharisaeorum
1023 2219 1192 2240 assumunt

63 2266 261 2312 supercilio,
284 2274 322 2297 ut
346 2267 400 2297 vel
425 2265 585 2297 damnent
609 2265 816 2308 innocentes,
840 2267 894 2299 vel
918 2267 1049 2300 solvere
1074 2283 1108 2301 se
1134 2283 1194 2302 uo-

109 2332 284 2362 Oiuurzms
305 2326 443 2360 OPERA.
468 2326 709 2360 Tom.XXlll.
958 2329 999 2363 15
