1403 2492
193 83 238 118 94
528 84 640 118 Pss'rm
673 85 846 119 DAMEus
871 87 1002 121 Hun'rn

195 175 346 208 decrevit
367 175 401 207 in
426 174 493 207 suis
518 175 718 215 Sententiis,
751 185 836 209 teste
868 177 1099 223 Hieronymo,
1131 178 1189 223 qui
1223 179 1281 212 lib.
1314 181 1333 213 Ι.

194 249 302 272 contr.
329 238 442 278 Pelag.
469 238 550 270 haec
574 237 708 270 scribit:
737 251 755 267 »
767 238 980 272 centesimus
1003 239 1125 273 titulus
1149 250 1210 281 est,
1234 254 1333 286 posse

192 301 366 333 hominem
391 299 462 332 sine
486 310 627 344 peccato
655 313 743 340 esse,
768 310 801 333 et
825 301 892 333 Dei
917 301 1073 334 mandata
1096 302 1335 347 facile;.q:usto-

193 364 278 404 dire,
302 363 330 396 si
355 361 478 395 velit.«
527 362 586 395 Sic
625 371 738 394 autem
777 363 942 405 Origenes
976 363 1034 395 lib.
1055 363 1104 397 vII.
1141 363 1175 396 in
1207 376 1260 409 ep.
1292 366 1333 398 ad

190 427 293 459 Rom.
318 437 409 457 num.
434 423 465 458 9.
517 425 614 457 »Nos
640 437 740 464 vero,
773 424 830 470 qui
862 425 944 458 haec
975 425 1092 458 omnia
1113 425 1336 470 spiritualiter

192 487 409 530 intelligenda
433 486 606 526 sentimus,
632 485 762 520 ideirco
788 496 821 520 et
837 489 866 531 Ι)
890 500 960 520 non
986 486 1179 528 auditores,
1202 488 1263 521 sed
1287 489 1335 522 sa-

193 561 304 585 ctores
329 549 410 592 legis
433 548 665 595 justificandos
699 549 885 599 credirnus,
925 562 995 583 non
1035 549 1117 593 legis
1147 550 1334 583 secundum

191 613 344 651 literam,
374 623 459 655 quae
496 610 614 654 utique
649 623 712 654 pro
745 611 795 643 sui
827 611 1103 656 impossibilitate
1127 624 1197 644 non
1222 622 1335 657 potest

190 676 313 708 habere
336 675 514 713 factorem,
538 673 596 706 sed
621 674 806 707 secundum
830 674 998 719 spiritum,
1023 687 1085 720 per
1108 687 1210 718 quern
1224 675 1336 707 solum

192 738 244 769 lex
277 735 415 779 impleri
446 735 618 779 putei-itt«
662 745 695 768 et
727 736 850 768 deinde
889 748 982 768 num.
1008 736 1060 770 14.
1111 735 1234 769 »Licet
1266 749 1335 769 non

193 798 398 832 crediderint
424 798 561 842 quidam
585 798 818 836 Judaeomm,
844 798 886 830 de
913 797 1115 830 infidelitate
1138 808 1252 832 tamen
1279 812 1337 831 eo-

190 874 267 894 rum
293 860 475 893 dicendum
501 869 568 899 est,
607 860 700 904 quod
733 859 828 893 Deus
863 858 1002 904 quidem
1036 859 1128 893 solus
1158 860 1201 894 sit
1226 874 1336 900 verax,

191 923 301 956 omnis
325 932 439 956 autem
463 922 568 954 homo
587 921 630 954 sit
646 922 810 954 mendax:
852 921 929 966 quia
941 923 976 966 ²)
1001 921 1105 955 etiam
1136 922 1164 955 si
1189 923 1262 968 quis
1286 923 1338 969 ju—

190 994 259 1018 stus
290 993 359 1024 est,
391 997 527 1017 necesse
555 993 603 1016 est
626 993 756 1023 tamen,
789 982 883 1015 utin
908 983 1024 1028 aliquo
1057 996 1076 1016 a
1107 984 1248 1018 veritate
1279 986 1338 1018 de-

191 1047 292 1088 cidat,
318 1059 418 1092 quam
443 1046 478 1078 in
504 1046 661 1079 omnibus
692 1058 825 1078 servare
860 1046 1025 1079 humanae
1056 1055 1195 1079 naturae
1229 1060 1336 1091 paene

189 1108 404 1154 impossibile
430 1118 517 1140 est.«
544 1118 550 1119 ’
568 1107 734 1141 Graviora
756 1117 833 1139 sunt
857 1107 958 1139 etiam
984 1117 1017 1140 et
1040 1108 1145 1150 magis
1169 1121 1335 1153 expressa,

190 1184 275 1216 quae
300 1179 427 1203 exstant
451 1170 563 1205 Tract.
579 1170 722 1202 XXXV.
747 1169 780 1201 in
807 1169 927 1201 Matth.
953 1170 1126 1210 num.88.,
1151 1171 1212 1202 ubi
1237 1184 1337 1215 quae—

190 1233 245 1274 rit,
270 1242 385 1265 utrum
410 1231 524 1277 posito
552 1231 677 1265 Christi
711 1231 871 1263 vaticinio
904 1231 986 1272 hoc,
1022 1233 1217 1265 scandalum
1241 1233 1277 1265 in
1300 1247 1335 1265 se

190 1307 348 1339 passuros
372 1307 442 1327 esse
467 1294 658 1339 Apostolos
684 1306 819 1333 omnes,
844 1293 918 1326 fieri
941 1294 1112 1338 potuerit,
1138 1304 1175 1327 ut
1198 1296 1336 1328 scanda—

191 1358 262 1389 lum
297 1357 418 1389 Petrus
448 1369 518 1389 non
550 1365 742 1400 pateretur:
776 1356 870 1400 quod
901 1355 1030 1400 duplici
1062 1356 1166 1389 solvit
1195 1370 1337 1402 respon-

189 1419 302 1460 sione;
326 1418 447 1463 prima,
475 1418 662 1462 »quoniam
687 1430 822 1450 necesse
847 1426 927 1457 erat,
953 1430 1013 1450 ore
1037 1418 1213 1452 verissimo
1239 1433 1335 1464 prae-

190 1480 335 1521 dicente,
354 1480 432 1525 quia
459 1497 476 1512 »
490 1492 634 1512 »omnes
646 1480 679 1524 ³)
706 1492 765 1511 vos
780 1478 1064 1518 scandalizabimi,
1076 1495 1092 1510 «
1105 1495 1122 1510 «
1149 1481 1222 1514 fieri
1240 1482 1335 1525 quod

188 1543 400 1587 praedictum
427 1551 497 1575 erat
521 1543 562 1575 ab
586 1542 711 1576 Jesuzu
738 1540 851 1580 altera,
879 1541 1068 1586 »quoniam
1094 1542 1152 1587 qui
1178 1553 1332 1575 exoratus

187 1618 204 1638 a
229 1605 401 1643 Ninivitis,
427 1617 512 1650 quae
536 1604 749 1649 praedixerat
780 1615 841 1647 per
864 1603 1007 1643 Jonarn,
1037 1616 1106 1636 non
1139 1604 1222 1637 fecit
1254 1618 1335 1650 pro-

186 1676 264 1712 pter
286 1667 532 1712 poenitentiam
557 1659 783 1699 Ninivitarum
798 1690 806 1703 ‚
838 1664 885 1697 sic
909 1665 1073 1709 possibile
1098 1665 1181 1706 suit,
1212 1676 1251 1700 ut
1280 1680 1334 1699 re—

186 1730 333 1774 pelleret
357 1729 457 1762 etiam
484 1742 501 1761 a
525 1729 629 1761 Petro
654 1727 849 1760 scandalum
880 1727 1122 1772 deprecante.«
1170 1729 1260 1761 Vera
1284 1738 1333 1761 est

187 1791 361 1836 posterior
383 1792 583 1837 responsio,x
597 1791 696 1836 prior
719 1787 822 1822 falszi:
855 1790 970 1834 posito
1003 1792 1093 1822 enirn
1118 1789 1242 1823 Christi
1278 1804 1333 1823 va-

186 1852 318 1894 ticinio,
344 1864 437 1886 certo
455 1855 599 1887 effectus
618 1861 817 1887 consecutus
842 1862 901 1892 est,
923 1864 992 1884 non
1013 1852 1215 1886 necessario.
1249 1852 1331 1885 Dis·

185 1925 283 1960 putat
313 1925 450 1961 postea,
482 1930 524 1949 an
553 1926 735 1961 postquam
769 1914 937 1958 praedixit
970 1914 1139 1955 Christus,
1178 1915 1331 1947 futurum

185 1986 221 2010 ut
248 1987 324 2011 ante
348 1977 558 2020 gallicinium
582 1988 635 2011 ter
658 1991 675 2010 a
700 1978 803 2010 Petro
835 1985 992 2018 negetur,
1028 1976 1186 2022 precibus
1222 1976 1331 2021 impe-

283 2135 313 2178 ¹)
339 2135 444 2167 Deest
472 2152 487 2166 n
500 2143 558 2166 et«
586 2133 618 2166 in
647 2135 721 2166 cdd.
748 2134 789 2166 H.

280 2190 313 2233 ²)
340 2191 425 2224 Edd.
451 2190 586 2223 Huetii:
623 2190 706 2234 »qni
733 2190 832 2223 etiam
860 2191 885 2223 si
911 2191 993 2234 quid
1018 2189 1141 2235 justum
1168 2199 1233 2228 est,
1271 2202 1327 2221 ne-

187 2248 302 2268 cesse«
331 2244 393 2268 etc.

282 2291 315 2333 ³)
343 2290 411 2324 cfr.
439 2292 558 2325 Mam..
585 2292 710 2330 xxvi,
736 2290 788 2326 31.
