1403 2492
389 70 704 104 Omsnmfflomm
732 69 847 102 Lmen
875 69 918 101 11.
1175 65 1218 100 13

78 160 139 201 sit,
165 169 198 193 et
221 160 419 194 translatum
452 160 549 203 inde,
584 160 677 204 quod
712 172 750 192 ex
784 159 894 192 calore
928 158 990 190 illo
1016 156 1158 190 naturali
1184 166 1218 189 et

80 223 195 256 divino
221 222 388 255 refrixisse
416 223 584 262 videatur;
619 231 651 254 et
674 221 752 254 ideo
783 221 815 253 in
843 222 925 261 hoc,
961 233 1027 265 quo
1053 232 1141 252 nunc
1167 228 1216 251 est

80 294 186 325 statu,
212 294 244 317 et
270 285 435 317 vocabulo
461 284 521 316 sita
546 284 618 317 sit.«
677 283 898 317 Consimilem
921 281 998 314 huic
1023 282 1137 314 locum
1165 280 1215 312 in-

80 346 193 379 didem
219 347 356 379 adducit
380 346 586 381 Justinianus
610 346 644 378 in
670 345 759 377 calce
786 344 951 390 epistolae
976 345 1018 376 ad
1043 344 1190 376 Menam.

168 408 376 454 Epiphanius
401 408 499 441 Haer.
526 407 579 441 64.
607 420 677 452 cap.
704 407 755 446 5.,
788 416 820 439 et
844 406 878 439 in
904 406 1000 451 epist.
1030 407 1070 438 ad
1093 406 1214 440 Joann.

77 470 247 504 Hierosol.
273 484 343 515 cap.
369 469 399 503 2.
427 468 546 501 dixisse
565 469 740 512 Originem
765 470 869 502 refert
898 467 1015 513 ψυχάς
1040 468 1213 505 vocitatas,

78 532 139 567 διὰ
164 531 202 568 ro
229 529 373 567 ι’ἷνωθεν
397 530 597 576 πεψύχθαι.
658 531 697 564 Id
732 531 833 563 vertit
868 530 1081 563 doctissimus
1112 529 1217 563 inter·-

78 607 174 639 pres:
203 594 311 638 »quod
339 592 480 626 coelitus
505 593 615 625 afflata
640 593 714 626 sit.=‹
767 593 862 636 Quae
880 606 956 626 sane
976 593 1058 625 mihi
1077 593 1214 638 probari

79 669 146 688 non
170 665 283 700 potest
308 654 493 700 expositi03
519 668 595 687 nam
612 655 738 687 animas
757 655 895 700 quidem
913 656 1059 700 desuper
1077 655 1214 687 immitti

78 718 257 750 affirmavit
276 717 457 760 Origenes3
483 717 589 749 afflari
606 731 686 750 vero
714 718 765 750 vel
791 717 946 762 inspirari
969 718 1077 750 anima
1101 717 1210 749 multo

77 788 152 811 ame
178 778 314 812 condita
338 792 408 812 non
433 778 536 821 magis
562 779 628 812 dici
652 788 781 823 potest,
807 793 909 824 quam
934 779 1088 821 angelus,
1113 793 1214 824 quem

76 854 176 874 nemo
201 842 348 886 desuper
370 841 476 873 afflari
502 840 639 880 dixerit,
673 855 747 873 cum
779 842 820 874 de
847 843 945 874 coelo
970 842 1003 874 in
1029 850 1132 874 terras
1157 843 1214 873 ab·

77 902 214 945 legatur.
262 903 474 936 vertendum
501 916 598 944 ergo:
632 905 743 948 »quod
768 917 897 936 sursum
923 904 1120 937 refrixerit«

168 967 225 998 VI.
261 966 312 998 Ex
335 966 386 999 hi‘s
412 964 605 997 Adamantii
631 965 717 998 circa
741 965 869 998 animae
888 966 1060 1008 origenem
1081 967 1214 1011 platitis

78 1036 153 1059 nata
178 1036 227 1059 est
251 1037 368 1060 octava
394 1041 411 1060 e
437 1026 747 1066 criminationibus,
773 1041 852 1072 quas
878 1027 942 1072 ipsi
968 1028 1070 1073 objici
1095 1029 1211 1061 solitas

76 1099 302 1134 repraesentat
333 1099 364 1122 et
397 1089 496 1121 diluit
520 1089 716 1133 Pamphilus
748 1089 780 1121 in
808 1090 985 1133 Apologia.
1038 1091 1097 1123 Illa
1123 1100 1213 1123 certe

77 1161 257 1196 postquam
281 1152 413 1195 prolixe
440 1150 627 1183 confutavit
642 1151 848 1183 Justinianus
873 1152 905 1183 in
931 1165 985 1196 ep.
1009 1153 1050 1184 ad
1064 1153 1212 1193 Menam,

77 1222 150 1245 tum
175 1213 369 1258 Scripturae
394 1221 543 1252 sanctae,
568 1221 639 1244 tum
660 1213 800 1244 Patrum
824 1213 1042 1253 auctoritate,
1066 1215 1107 1246 ab
1132 1213 1213 1259 ipsis

79 1274 200 1307 deinde
226 1275 520 1307 anathematismos
544 1287 622 1307 suos
648 1274 759 1306 eidem
784 1274 947 1318 epistolae
964 1277 1131 1308 subnexos
1155 1289 1213 1308 au-

76 1336 221 1381 spicatus
247 1345 311 1377 est;
336 1346 434 1380 atque
459 1336 518 1368 illa
545 1335 695 1380 quisquis
709 1335 811 1367 fuerit
828 1337 1012 1380 amplexus,
1036 1337 1212 1369 anathema

77 1411 148 1431 esse
178 1397 300 1437 sancit,
335 1397 520 1442 eademque
552 1410 665 1430 rursus
691 1397 828 1439 configit
851 1397 886 1430 in
912 1411 964 1442 ep.
990 1399 1032 1431 ad
1059 1398 1211 1443 quintam

75 1461 262 1507 synodum,
300 1473 383 1505 quae
417 1468 466 1492 est
496 1459 586 1504 apud
620 1459 823 1492 cedrenum.
886 1460 957 1492 Diu
995 1473 1101 1505 porro
1133 1470 1213 1494 tunc

76 1531 162 1562 erat,
193 1531 374 1566 postquam
406 1535 487 1554 vana
518 1521 598 1554 haec
625 1521 780 1563 Origenis
814 1522 958 1563 cogitata
995 1524 1211 1565 castigaverat

75 1584 290 1623 Methodius,
325 1593 362 1616 ut
387 1598 424 1616 ex
458 1583 527 1630 ejus
552 1584 728 1628 Excerptis
760 1584 888 1616 discere
920 1593 987 1624 est,
1020 1599 1104 1629 quae
1128 1585 1211 1630 Epi-

73 1646 214 1691 phanius
238 1645 347 1686 nobis,
373 1655 406 1678 et
422 1645 565 1678 Photius
581 1655 807 1678 asservarunt:
834 1646 1049 1688 castigaverat
1074 1656 1107 1679 et
1128 1647 1212 1680 Cae-

73 1707 177 1740 sarius
207 1707 364 1749 Gregorii
395 1707 594 1740 Nazianzeni
626 1708 729 1739 frater
752 1707 900 1750 Dialogo
925 1708 967 1757 3¹.
991 1710 1108 1742 Interr.
1135 1709 1210 1743 149.

74 1778 105 1801 et
118 1768 432 1814 sequentibus,—-si
446 1770 550 1802 modo
570 1769 783 1810 dialogorum
802 1769 945 1802 istorum
962 1783 1077 1803 revera
1090 1781 1210 1803 auctor

73 1840 132 1870 est,
154 1831 205 1863 uti
228 1831 346 1870 fertur,
372 1830 433 1863 iste
461 1830 708 1872 Caesarius—;
733 1832 947 1874 castigaverat
973 1842 1005 1865 et
1020 1832 1207 1876 Gregorius

74 1893 241 1938 Nyssenus
266 1891 353 1925 libro
379 1895 462 1938 περὶ
488 1894 708 1935 κατασκευῆς
733 1892 951 1940 ἀνθρώπου,
983 1907 1054 1938 cap.
1080 1893 1141 1934 38,
1174 1903 1207 1926 et

73 1953 282 1999 Epiphanius
307 1954 406 1987 Haer.
430 1953 483 1989 64.
509 1968 581 2000 cap.
607 1954 657 1994 4.,
682 1963 715 1986 et
739 1954 773 1986 in
800 1967 854 1999 ep.
879 1956 920 1987 ad
945 1955 1066 1989 Joann.
1086 1955 1208 1988 Hiero-

73 2016 193 2061 solym.
228 2029 299 2061 cap.
323 2016 374 2058 2.;
413 2016 534 2062 quibus
572 2016 657 2050 locis
688 2025 821 2061 putasse
853 2016 936 2049 dicit
968 2017 1207 2050 Adamantium

79 2076 202 2123 ψυχήν
226 2077 360 2118 dictam,
385 2077 446 2112 διὰ
471 2078 509 2113 τὸ
536 2074 682 2113 ἄνωθεν
706 2077 908 2123 πεψύχΩαι,
937 2088 969 2112 et
994 2080 1117 2124 δέμας,
1144 2078 1206 2113 διὰ

74 2138 112 2175 τὸ
139 2140 311 2175 δεδέσθαι
342 2138 406 2182 τὴν
430 2138 554 2185 ψυχήν
578 2141 618 2175 ἐν
641 2142 690 2186 τῷ
724 2139 884 2184 σώματι,
918 2149 952 2172 et
983 2142 1087 2185 σῶμα
1113 2141 1206 2186 quasi

73 2203 192 2245 σῆμα,
219 2214 281 2234 »eo
307 2201 400 2246 quod
423 2201 469 2234 ita
493 2202 637 2235 animam
662 2201 696 2233 in
721 2214 755 2234 se
783 2202 928 2235 clausam
953 2202 1088 2243 habeat,
1121 2216 1203 2247 quo-

71 2263 176 2296 modo
194 2263 346 2307 sepulcra
365 2271 397 2295 et
422 2263 545 2296 tumuli
563 2264 722 2297 cadavera
738 2273 997 2297 mortuorum:«
1027 2264 1205 2307 castigave-
