1403 2492
178 63 199 98 4
520 59 633 94 Pia-riu
659 58 833 94 Dmmus
860 59 991 93 uum:

183 152 331 186 sentiunt
355 150 482 192 angeli,
515 159 548 182 et
574 159 775 195 potestates,
807 160 1005 196 ceteraeque
1031 149 1190 192 virtutes;
1226 149 1328 184 centit

183 215 326 249 interior
356 213 480 252 homo,
522 211 579 257 qui
616 212 656 244 ad
691 211 871 254 imaginem
903 222 935 245 ct
970 211 1229 245 similitudinem
1259 211 1328 244 Dei

183 275 340 309 conditus
365 283 423 307 est.
477 273 527 306 Ex
563 287 631 318 quo
660 273 876 306 concluditur
901 275 1033 317 Deum,
1065 284 1097 307 et
1129 273 1210 307 haec
1243 286 1328 318 quo·

182 337 368 372 dammodo
383 334 480 368 unius
500 349 569 368 esse
587 336 822 368 substantiae«
853 335 958 379 Quod
978 336 1010 368 in
1026 335 1173 378 Origene
1191 336 1328 368 damna—

183 410 277 434 verat
303 399 549 444 Hieronymus,
574 397 665 429 idem
691 397 724 429 in
750 398 947 430 Palaestinis
966 397 1166 440 Origenistis
1190 397 1327 430 damnat

180 462 389 498 Justinianus
413 459 449 492 in
475 458 620 504 epistola
646 460 688 492 ad
713 459 865 504 quintam
890 460 1076 507 synodum,
1101 472 1201 505 quam
1225 459 1327 491 habet

183 524 374 559 Cedrenus:
411 523 575 566 Λέγουσι
609 518 701 567 γὰρ,
752 518 806 556 ὅτι
837 520 917 561 νὸες
947 515 1041 566 ἦσαν
1073 522 1159 567 δίχα
1189 517 1327 559 παντὸς

185 586 349 633 ἀριθμοῦ
373 596 409 620 τε
435 584 497 617 καὶ
523 582 721 629 ὀνόματος,
747 581 795 624 ὡς
818 583 933 620 ἑνάδα
957 581 1109 619 πάντων
1132 579 1226 619 εἶναι
1251 582 1325 617 τῶν

183 649 347 694 λογικῶν
379 647 419 694 τῇ
455 644 639 688 ταυτότητι
679 647 739 687 τῆς
770 645 895 686 οὐσίας
931 648 993 680 καὶ
1025 646 1225 692 ἐνεργείας,
1261 646 1325 679 καὶ

182 713 223 759 τῇ
239 707 394 757 δυνάμει
415 709 454 756 τῇ
468 707 558 753 πρὸς
574 707 638 743 τὸν
653 707 743 743 θεὸν
760 707 884 753 λόγον,
899 707 1022 743 {vedast
1040 720 1085 748 τε,
1100 710 1158 741 καὶ
1174 705 1321 752 γνώσει.

182 771 341 805 Gobarus
371 782 507 816 quoque
539 769 706 803 Tritheita
741 770 819 811 ille,
859 769 952 817 cujus
992 779 1149 815 excerpta
1185 767 1323 811 collegit

179 833 323 867 Photius
349 832 434 866 Cod.
460 830 557 873 232,
582 833 741 875 dogmata
763 833 892 882 multa,
916 845 1000 878 quae
1026 832 1096 865 fere
1122 831 1325 874 Origeniana

181 905 277 935 sunt,
312 894 347 927 in
379 904 558 939 utramque
591 894 765 939 disputans
795 905 946 940 partem,
983 904 1106 927 octavo
1131 894 1210 926 loco
1235 892 1323 925 illud

179 958 296 990 habet:
322 957 369 995 ὡς
393 958 431 991 ἐκ
457 959 515 1000 τῆ,-
542 961 645 996 θειάς
662 956 825 1001 οὖσιάςή
849 957 1065 1002 ἀνθρωπίνη
1094 953 1322 1003 προελήλυθε

179 1019 291 1065 ψυχή-

272 1081 354 1115 Fuit
388 1080 445 1113 illa
485 1080 624 1126 quidem
655 1080 947 1127 Pythagoreorum
981 1080 1153 1120 doctrina,
1191 1078 1323 1112 divinae

180 1157 279 1177 aurae
305 1142 472 1188 particula
497 1143 622 1176 animas
646 1152 777 1176 nostras
803 1153 974 1183 constare,
999 1152 1031 1175 et
1056 1141 1170 1175 Deum

225 1225 266 1231 ——
361 1223 402 1230 —-
498 1224 538 1230 -—
634 1225 675 1230 —
769 1204 817 1237 ire
839 1205 868 1249 ¹)
895 1217 956 1249 per
980 1216 1097 1237 omnes

225 1269 434 1312 Terrasque‚
460 1275 652 1311 tractusque
678 1266 795 1306 maris,
821 1267 1024 1312 coelumque
1050 1265 1275 1310 profundum:

226 1330 315 1362 Hinc
340 1328 507 1374 pecudeS,
532 1338 699 1367 armenta,
725 1328 833 1368 viros,
857 1341 959 1370 genus
985 1340 1086 1360 omne
1112 1329 1270 1367 ferarum,

229 1391 411 1435 Quemque
437 1389 500 1423 sibi
528 1399 645 1422 tenues
671 1399 862 1422 nascentem
887 1402 1053 1422 arcessere
1080 1389 1172 1423 vitas.

181 1453 431 1492 „Audiebamm
459 1451 505 1484 ait
531 1451 615 1485 Cato
641 1453 732 1497 apud
759 1452 932 1492 Tullium,
967 1451 1233 1498 »Pythagoram,
1257 1450 1323 1497 Py-

180 1517 445 1560 thagoreosque,
484 1513 613 1546 incolas
651 1527 738 1559 pene
781 1523 935 1554 nostros,
981 1512 1039 1558 qui
1072 1523 1180 1546 essent
1211 1512 1323 1546 Italici

180 1576 380 1622 philosophi
406 1577 577 1620 quondam
603 1575 786 1616 nominati,
818 1589 988 1621 nunquam
1023 1576 1208 1615 dubitasse,
1240 1574 1322 1620 quin

179 1651 218 1672 ex
249 1638 405 1671 universa
440 1647 552 1670 mente
589 1637 701 1671 divina
733 1638 901 1671 delibatos
932 1637 1062 1671 animos
1087 1638 1319 1670 haberemus.«

179 1702 219 1734 In
244 1701 360 1733 eadem
387 1700 525 1733 fuerunt
557 1699 754 1745 opinatione
780 1700 966 1741 Platonici,
1002 1709 1034 1733 et
1059 1698 1186 1739 Stoici,
1218 1710 1320 1743 quam

179 1772 212 1796 et
237 1763 369 1802 Cerdo,
396 1772 429 1795 et
446 1761 598 1801 Marcio,
624 1772 656 1794 et
680 1761 869 1795 Manichaei
895 1761 1038 1795 subinde
1062 1760 1206 1806 amplexi
1231 1769 1318 1793 sunt.

178 1825 406 1871 Hieronymus
433 1823 530 1868 epist.
555 1823 608 1858 61.
635 1825 677 1857 ad
702 1824 895 1856 Pammach.
921 1837 993 1868 cap.
1019 1823 1050 1857 5.
1080 1823 1128 1856 sic
1150 1823 1319 1856 Joannem

176 1885 529 1933 Hierosolymitanum
569 1885 782 1931 interpellat:
825 1884 939 1918 »Dicis
979 1884 1105 1918 animas
1142 1884 1319 1918 hominum

178 1961 246 1981 non
271 1957 402 1993 partem
428 1961 498 1980 esse
522 1947 590 1980 Dei
615 1957 770 1981 naturae:
803 1947 897 1993 quasi
922 1947 1140 1981 Manichacus
1163 1958 1252 1979 nunc
1276 1947 1319 1979 ab

176 2009 370 2054 Epiphanio
409 2009 452 2042 sis
485 2019 666 2042 vocatus:«
707 2019 741 2042 et
773 2023 846 2055 cap.
872 2009 902 2044 6.
940 2007 1055 2041 »Dicis
1079 2007 1225 2040 animam
1249 2019 1320 2040 non

178 2083 248 2104 esse
274 2071 316 2104 de
340 2070 408 2103 Dei
438 2071 639 2113 substantia;
672 2072 833 2117 pulchre,
873 2072 1008 2104 damnas
1039 2070 1130 2104 enim
1161 2069 1319 2115 impiissi-

179 2146 274 2167 mum
289 2132 541 2174 Manichaeum,
568 2147 667 2179 quem
686 2133 861 2167 nominare
878 2133 1030 2179 pollutio
1055 2142 1146 2166 est:«
1174 2141 1206 2165 et
1222 2144 1319 2165 mox:

273 2280 303 2322 ¹)
328 2278 396 2312 cfr.
424 2279 539 2323 virgil.
566 2280 690 2322 Georg.
717 2280 773 2313 m,⁴
804 2281 855 2313 tv.
884 2293 966 2313 vers.
991 2277 1196 2314 221—224.

1376 509 1392 516 s
