1403 2492
377 105 689 138 Omossmmonum
713 105 827 137 Luma
846 105 876 136 11
1147 104 1192 140 93

57 194 203 236 tionem3
239 193 378 226 minime
410 207 490 226 vero
521 195 565 226 ita
597 193 734 232 insanit,
771 202 807 225 ut
840 192 969 225 homini
995 202 1073 237 post
1097 193 1189 226 illam

55 256 300 301 poenitentiam
324 254 477 300 peccanti
500 255 633 287 nullum
657 254 698 286 ad
734 253 893 286 virtutem
923 267 1108 296 regressum
1133 269 1191 299 pa-

56 328 126 351 tere
150 327 259 363 putet,
284 330 346 350 nec
371 317 478 348 ullum
503 316 600 348 alteri
624 315 853 360 poenitentiae
879 316 994 348 locum
1017 330 1190 362 superesse

58 380 150 413 velit.
197 381 329 423 Nempe
356 391 395 410 eo
421 377 629 422 impulerunt
653 386 832 421 utrumque
849 390 1028 422 perperam
1052 388 1191 423 accepta

56 441 180 474 isthaec
205 453 243 474 ex
269 454 320 485 cp.
346 440 388 472 ad
412 439 584 472 Hebraeos
610 451 679 483 cap.
704 438 733 473 6.
761 452 859 471 verss.
884 439 914 472 4.
940 439 969 472 5.
994 439 1025 473 6.
1069 440 1190 473 »»1m-

55 503 217 548 possibile
242 502 332 535 enim
357 510 405 534 est
429 513 505 540 eos,
537 500 594 545 qui
618 501 722 532 semel
745 510 822 533 sunt
846 500 1047 540 illuminati,
1081 510 1191 542 gusta-

57 574 177 597 verunt
200 564 301 597 etiam
325 564 453 596 donum
479 562 636 601 coeleste,
661 571 694 594 et
719 562 899 606 participes
922 562 1002 594 facti
1022 572 1100 595 sunt
1113 564 1190 607 Spi-

55 625 140 658 ritus
163 625 286 667 sancti;
314 633 528 666 gustaverunt
549 624 769 656 nihilominus
791 625 921 656 bonum
944 623 1013 656 Dei
1037 625 1191 665 verbum,

55 686 262 730 virtutesque
286 686 411 719 saeculi
434 686 582 726 venturi,
607 695 640 718 et
664 685 815 730 prolapsi
837 694 931 725 sunt,
954 699 1068 718 rursus
1091 700 1190 719 reno-

56 747 126 780 vari
149 749 191 780 ad
213 748 477 792 poenitentiam,
515 761 646 780 rursum
679 748 908 790 crucifigentes
940 747 1076 780 sibimet
1107 748 1188 792 ipsis

54 808 182 842 Filium
203 809 286 849 Dei,
311 819 345 842 et
371 809 516 842 ostentui
549 810 782 842 habentes:««
817 822 879 841 nec
910 822 979 841 non
1012 819 1045 842 et
1074 809 1137 842 ista
1170 823 1187 843 e

54 883 126 915 cap.
150 871 193 904 X.
218 883 302 904 vers.
326 871 378 905 26.
402 871 456 905 27.
496 871 748 904 »»Voluntarie
771 872 859 904 enim
884 871 1102 915 peccantibus
1127 885 1188 904 no-

53 931 104 964 bis
128 941 208 976 post
230 942 402 977 acceptam
426 932 582 965 notitiam
606 933 774 970 veritatis,
804 931 868 977 jam
893 945 962 964 non
986 932 1189 977 relinquitur

53 1007 117 1039 pro
141 994 288 1039 peccatis
313 994 439 1036 hostia;
471 994 631 1027 terribilis
654 1004 766 1027 autem
793 995 957 1039 quaedam
981 994 1187 1038 exspectatio

53 1054 240 1100 judicii.«a‹
296 1056 380 1088 Inde
418 1066 450 1088 et
473 1057 624 1089 Novatus
665 1056 700 1088 in
737 1055 888 1088 haeresin
928 1055 1084 1089 inductus
1125 1066 1186 1089 est.

54 1116 166 1160 Quam
191 1126 302 1149 autem
334 1117 384 1150 his
415 1118 513 1150 Pauli
543 1118 627 1150 locis
660 1117 906 1162 expositionem
931 1117 1085 1151 adhibuit
1108 1118 1188 1151 Phi-

53 1177 203 1218 lastrius,
238 1179 378 1211 eandem
405 1179 609 1220 Origeniano
634 1179 686 1211 illi
710 1192 887 1223 possumus
911 1179 1082 1213 adhibere.
1130 1180 1188 1214 Sic

52 1240 112 1272 illa
133 1253 168 1273 se
193 1241 315 1272 habet:
332 1241 361 1284 ¹)
398 1240 686 1273 »Poenitudinem
722 1241 823 1273 etiam
854 1253 922 1272 non
954 1242 1102 1275 excludit
1126 1243 1188 1274 do-

54 1302 180 1342 cendo,
217 1303 276 1334 sed
322 1301 491 1334 diversum
529 1303 669 1344 gradum
706 1302 876 1344 dignitatis
916 1304 1066 1336 ostendit
1100 1304 1189 1336 inter

53 1365 159 1403 hunc,
195 1363 252 1408 qui
285 1363 452 1404 integrum
486 1363 686 1404 custodivit,
720 1373 752 1396 et
783 1364 898 1403 illum,
938 1365 995 1408 qui
1018 1366 1186 1410 peccavit.

51 1425 232 1468 Dignitatis
257 1434 305 1457 est
328 1424 429 1466 igitur
453 1425 693 1457 detrimentum
718 1425 752 1457 in
777 1438 829 1464 eo,
855 1425 911 1470 qui
928 1426 1092 1470 peccavit,
1116 1439 1185 1459 non

51 1488 210 1520 damnum
245 1485 370 1519 salutis.
419 1487 505 1518 Nam
548 1486 574 1519 si
613 1486 750 1519 fortiter
785 1487 857 1532 quis
893 1488 1090 1531 pugnaverit
1124 1501 1187 1532 per

49 1548 259 1595 martyrium,
281 1547 425 1592 recipiet
449 1547 624 1592 pristinam
648 1549 861 1591 dignitatem3
885 1558 945 1581 aut
968 1549 995 1581 si
1020 1549 1185 1591 condigne

49 1610 82 1643 in
107 1611 173 1643 hoc
193 1609 329 1643 saeculo
354 1609 490 1649 vixerit,
528 1610 685 1655 impetrat
717 1612 810 1655 quod
842 1611 1010 1643 desiderat
1033 1611 1186 1655 adipisci.

49 1673 136 1705 Nam
159 1671 193 1704 in
218 1671 290 1716 ipsa
327 1670 470 1715 epistola
495 1673 761 1716 rebaptizatores
787 1672 951 1712 excludit,
981 1685 1050 1705 non
1075 1672 1186 1717 bapti-

50 1746 160 1766 smum
184 1732 414 1778 poenitentiae
439 1734 588 1774 abnegat.
600 1750 616 1764 «
659 1734 818 1767 Ceterum
844 1734 975 1767 consuli
991 1734 1094 1767 velim
1110 1734 1184 1768 Six-

49 1804 122 1826 tum
145 1795 327 1828 Senensem
353 1793 428 1826 libr.
455 1795 516 1827 VI.
541 1795 706 1828 Biblioth.
731 1805 843 1829 annot.
867 1795 942 1830 119.
967 1804 1000 1828 et
1025 1796 1082 1829 lib.
1108 1796 1184 1830 Vll.

50 1855 185 1890 Haeres.
208 1856 253 1896 8.,
278 1855 334 1900 qui
359 1855 451 1895 haec,
476 1856 619 1901 aliaque,
647 1869 723 1888 cum
749 1857 965 1901 explicandae
989 1857 1066 1889 huic
1086 1857 1184 1891 Pauli

50 1918 249 1958 sententiae,
279 1926 353 1950 tum
377 1918 534 1950 adversus
559 1918 744 1950 adductum
770 1917 924 1959 Origenis
950 1918 1182 1952 testimonium

49 1977 195 2020 collegit.

137 2039 232 2074 XXI.
278 2039 405 2073 Mirum
435 2054 540 2086 porro
571 2042 770 2074 sentientem
798 2040 981 2082 Origenem
1011 2043 1183 2086 perfectos

47 2100 200 2134 homines
225 2113 323 2144 posse
347 2114 415 2134 non
437 2115 596 2147 peccare,
629 2103 749 2137 dixisse
780 2112 894 2135 tamen
917 2104 1106 2148 praeceptis
1131 2104 1181 2136 di-

46 2162 130 2195 vinis
160 2174 292 2194 morem
323 2162 393 2204 geri
424 2177 494 2196 non
524 2178 633 2208 posse.
691 2164 756 2198 Cui
787 2164 991 2197 contrarium
1024 2164 1178 2208 Pelagius

137 2291 169 2334 ¹)
196 2291 264 2324 Cfr.
290 2292 444 2325 Philastr.
472 2307 541 2337 cap.
567 2292 621 2327 88.
