1403 2492
366 75 676 108 ΟιιιρεΝιΑΝοκυΜ
702 75 815 108 Lmssa
840 74 885 106 ΙΙ.
1119 73 1179 110 131

45 176 121 208 pars
145 164 178 196 in
205 164 410 196 contrarium
435 163 535 196 nimia
567 162 628 203 sit,
664 163 738 196 aliis
767 163 801 196 id
835 161 1027 195 volentibus
1050 175 1084 195 se
1110 176 1191 196 esse·

47 225 139 270 quod
164 226 311 265 suerunt,
336 225 408 258 aliis
432 224 712 258 resurrectionem
738 237 921 269 corporum
954 225 1094 257 omnino
1121 225 1180 258 de-

45 287 252 329 negantibus.
263 301 279 314 «t

134 348 176 380 V.
223 347 383 381 Ostendit
406 348 505 381 etiam
528 361 597 380 non
621 347 755 392 penitus
778 348 942 380 sublatam
964 348 1005 380 ab
1020 360 1060 380 eo
1078 348 1180 381 fuisse

47 423 231 454 corporum
255 410 546 449 resurrectionem,
573 410 665 453 quod
681 418 792 442 narrat
808 409 1007 454 Pamphilus
1030 409 1066 442 in
1084 412 1179 455 Apo-

45 471 151 513 logia,
189 483 294 503 »eum
332 484 453 516 corpus
478 470 612 516 quidem
637 483 809 512 resurgere
835 471 1007 511 confiteri,
1046 485 1180 505 carnem

46 545 127 565 vero
151 545 308 574 negare.«
359 534 453 565 Idem
489 533 523 565 in
560 544 600 564 eo
635 532 749 576 culpat
780 533 995 572 Methodius‚
1031 533 1064 565 in
1089 532 1179 566 libro

45 594 87 626 de
111 593 372 634 resurrectione,
405 607 471 639 quo
502 595 567 626 h'oc
593 593 748 635 Origenis
784 595 906 637 dogma
931 588 1113 635 convellit,
1147 604 1180 628 et

44 654 138 700 cujus
163 655 334 699 epitomen
350 654 494 689 Panario
518 669 579 688 suo
604 655 748 688 inseruit
762 656 972 701 Epiphanius
996 656 1096 689 Haer.
1113 656 1180 696 64„

46 729 213 762 quamque
237 717 502 761 repraesentavit
524 717 667 750 Photius
694 718 779 752 Cod.
805 718 894 759 234„
920 713 1179 762 aitque'Orige·

43 791 121 811 nem
143 791 245 822 super
266 777 486 822 responsione
511 778 715 812 sadducaeis
740 793 756 811 a
781 780 935 812 Domino
961 780 1034 812 data
1058 779 1177 812 dixisse

46 841 219 881 futurum,
250 848 288 871 ut
312 839 436 881 angelis
460 839 583 885 similes
610 842 807 882 evadamus,
849 855 886 888 ac
910 841 1055 887 proinde
1081 856 1178 875 carne

41 903 220 939 nudemur.
267 899 360 943 Quin
376 901 409 944 ¹)
435 901 534 934 etiam
561 902 765 945 Origenistas
784 903 902 948 carpit,
928 904 1021 936 velut
1045 917 1178 937 carnem

138 1021 169 1060 ¹)
197 1020 298 1054 Certe
323 1023 451 1067 ubique
484 1025 648 1066 Origenes
681 1038 743 1069 per
776 1038 900 1071 corpus
923 1026 1082 1069 intelligit
1110 1041 1179 1061 car-.

43 1090 138 1116 nem,
169 1077 254 1109 sicut
284 1091 346 1121 per
377 1092 509 1112 earnem
547 1081 706 1122 intelligit
737 1095 870 1126 corpus.
919 1083 997 1116 Sed.
1018 1085 1180 1128 quemad-

45 1133 184 1164 modum
211 1133 339 1177 aliquid
371 1134 529 1168 interesse
561 1137 683 1170 statuit·
709 1137 795 1172 inter
827 1151 950 1182 corpus
983 1147 1016 1170 et
1044 1151 1179 1183 corpus,

45 1201 176 1220 carnem
203 1198 235 1221 et
267 1203 418 1229 carnem,
451 1191 562 1223 habita
594 1192 674 1223 varii
707 1192 777 1238 ejus
807 1202 911 1226 status
943 1193 1096 1227 ratione:
1132 1195 1180 1228 sic

42 1244 172 1289 aliquid
195 1244 354 1278 interesse
379 1246 460 1279 dicit
491 1247 578 1283 inter
602 1260 736 1280 caruem
767 1257 801 1280 et
833 1261 966 1293 corpus.
1020 1251 1087 1284 Per
1111 1264 1179 1284 car·

41 1315 119 1334 nem
153 1301 241 1334 enirn
271 1301 353 1334 nihil
385 1302 478 1336 aliud
511 1303 667 1345 intelligit
708 1316 808 1347 quam
840 1318 983 1338 crassam
1015 1306 1106 1339 illam
1142 1320 1181 1340 ac

42 1367 209 1390 terrenam
234 1358 386 1402 corporis
410 1359 550 1398 molem,
575 1368 607 1390 et
627 1372 823 1403 compagem
839 1361 1054 1405 corruptioni
1072 1362 1182 1395 omni-

40 1415 169 1458 busque
200 1413 450 1447 infirmitatibus
482 1415 679 1448 obnoxiam:
712 1429 774 1460 per
805 1429 928 1460 corpus
963 1430 1042 1449 vero
1074 1417 1180 1462 ipsam

41 1471 249 1514 eandemque
264 1483 409 1509 carnem,
433 1472 491 1503 sed
517 1485 600 1516 quae
618 1471 845 1516 qualitatibus,
869 1485 938 1505 non
951 1482 1089 1513 natura,
1107 1487 1179 1506 mu-

40 1526 134 1566 tatis,
172 1526 246 1558 talis
279 1525 312 1558 in
336 1527 582 1560 resurrectione
607 1528 729 1568 evasit,
762 1529 896 1574 qualem
931 1539 1070 1573 oportet
1109 1543 1179 1563 esse

43 1595 126 1622 eam,
151 1594 235 1626 quae
259 1581 294 1614 in
318 1582 453 1615 aethere
479 1595 588 1627 eoque
613 1584 846 1628 superioribus
873 1585 955 1618 locis
973 1585 1094 1620 ,versari
1120 1587 1179 1621 de·

38 1641 106 1679 bet,
129 1650 238 1682 neque
263 1637 329 1682 jam
355 1639 585 1683 corruptioni,
616 1653 678 1672 nec
710 1639 896 1672 infirmitati
928 1641 991 1673 ulli
1016 1641 1178 1687 subjacet.

39 1695 144 1739 Quod
168 1693 382 1726 manifestum
408 1694 447 1726 fit
470 1703 540 1726 tum
568 1708 605 1727 ex
630 1696 688 1728 lib.
709 1696 769 1728 lll.
797 1701 879 1740 Περὶ
907 1698 1032 1743 ἀρχῶν
1057 1712 1128 1743 cap.
1146 1699 1176 1733 6.

38 1765 128 1784 num.
154 1752 184 1785 5.
237 1749 420 1794 »Denique
447 1762 523 1782 caro
548 1761 660 1783 nostra
693 1752 734 1783 ab
767 1751 936 1795 imperitis
969 1763 1001 1785 et
1032 1754 1179 1787 infideli-

39 1808 100 1839 bus
123 1807 167 1839 ita
193 1816 272 1851 post
294 1815 440 1838 mortem
467 1807 621 1850 deperire
645 1807 861 1847 existimatur,
872 1822 887 1834 «
909 1817 983 1848 etc.‚
1006 1816 1113 1854 usque
1137 1811 1179 1843 ad

42 1864 159 1895 verba:
202 1862 261 1894 »in
298 1862 403 1904 gloria
437 1863 590 1907 corporis
630 1863 783 1907 proficiet
819 1863 1049 1908 spiritualis:«
1093 1880 1178 1911 quae

42 1919 140 1950 verba
164 1931 232 1950 non
250 1919 346 1950 aliter
361 1932 398 1950 ac
422 1932 484 1952 uos
501 1919 701 1952 intellexisse
720 1918 854 1952 videtur
872 1919 1026 1960 Huetius,
1051 1921 1179 1967 quippe

41 1987 123 2018 quae
150 1973 324 2006 Catinolica
349 1975 512 2018 reperiat:
547 1985 616 2008 tum
651 1989 687 2007 ex
714 1975 794 2019 ipsis
818 1974 944 2014 verbis,
984 1989 1067 2020 quae
1092 1977 1177 2012 iufra

37 2030 140 2062 refert
171 2029 259 2061 idem
293 2030 493 2063 clarissimus
524 2032 655 2075 praesul
689 2045 705 2062 e
741 2031 863 2063 Calena
907 2030 1112 2066 Corderiaua
1144 2035 1178 2068 in

39 2086 161 2118 Psalm.
189 2085 312 2124 CXlX,
335 2086 400 2125 25„
425 2100 576 2131 quaeque
602 2086 775 2121 catholiea
801 2086 919 2129 itidem
946 2089 1094 2132 reperire
1120 2091 1177 2123 de—

37 2142 180 2182 buisset,
212 2150 331 2185 utpote
360 2144 639 2186 praecedentibus
670 2142 704 2175 in
739 2142 895 2175 omnibus
921 2142 1064 2176 similia:
1096 2149 1178 2180 Νῦν

37 2199 106 2240 μὲν
132 2196 308 2240 ἐκολλήθη
334 2201 381 2242 τῷ
410 2197 539 2244 ἕιῖάᾳει
568 2198 585 2241 ἡ
616 2197 726 2243 ψυχὴ,
750 2200 811 2232 καὶ
829 2201 960 2244 γέγονε
988 2199 1093 2245 σάρξ·
1120 2202 1178 2234 ubi

39 2252 127 2297 σάρξ
150 2254 234 2286 nihil
259 2253 351 2286 aliud
376 2254 537 2295 significat
572 2268 670 2299 quam
696 2266 829 2286 carnem
855 2253 1022 2289 infirmam
1049 2265 1081 2288 et
1107 2269 1181 2289 cor-

921 2316 941 2346 9
958 2322 972 2336 ⁸
