1403 2492
138 59 205 95 248
473 60 586 96 Pzrm
610 60 785 96 Dmnzus
809 61 942 96 Huni-m

144 151 332 196 2›T01310¹)
362 152 429 186 νῦν
449 151 582 188 ὀστοῦν
607 154 646 188 ἐκ
673 155 745 187 τῶν
770 153 887 188 ὀστῶν
911 166 1007 198 μου,
1040 153 1102 188 καὶ
1126 153 1215 200 σὰρξ
1239 153 1279 190 ἐκ

144 214 205 256 τῆς
236 212 369 258 σαρκός
398 225 519 258 μου;«
577 215 682 248 Addit
714 225 888 259 praeterea
917 214 1102 248 nonnullos
1132 214 1184 248 his
1215 215 1279 248 cir-

145 284 339 319 cumseptos
363 276 520 318 angustiis
545 277 764 316 existimasse,
788 286 935 310 scorteas
958 276 1088 310 tunicas
1112 289 1183 310 esse
1205 289 1280 311 mo-

144 336 255 368 riendi
279 338 511 370 necessitatem
539 338 668 370 Adamo
696 349 729 372 et
749 339 840 372 Evae
866 348 944 385 post
966 347 1144 384 peccatum
1168 338 1281 384 impo-

145 398 260 431 sitam:
294 399 386 443 quod
411 398 522 444 ipsum
556 400 757 434 difficultate
786 414 855 433 non
888 413 1000 434 carere
1033 410 1157 434 censet.
1205 401 1284 435 Cla-

147 459 215 492 rius
247 459 281 492 in
315 461 540 495 orthodoxam
579 462 713 495 videtur
752 463 940 496 concedere
978 462 1178 498 sententiam
1208 463 1281 496 Ho-

147 520 220 555 mil.
246 520 302 554 VI.
328 521 363 555 in
386 523 528 558 Levitic.
559 537 650 557 num.
675 523 725 564 2.,
759 538 834 557 cum
860 524 927 558 ait:
961 524 1094 559 „Velim
1126 525 1282 558 consen-e

147 583 207 616 illa
229 583 377 618 infelicia
401 585 617 626 indumenta,
649 586 769 631 quibus
794 586 923 631 primus
947 586 1073 627 homo,
1102 599 1179 620 cum
1203 599 1285 634 pec-

149 655 265 686 casset,
289 647 427 680 indutus
451 657 518 689 est,
544 661 619 680 curn
645 648 694 680 his
717 648 839 681 sanctis
865 658 897 681 et
921 648 1081 682 fidelibus
1103 649 1283 682 indumen-⁴

150 707 203 741 tis.
250 708 294 742 Et
329 709 467 754 quidem
505 710 565 742 illa
597 710 721 743 dicitur
753 711 848 743 Deus
880 711 1043 744 fecissem
1085 710 1233 744 »»Fecit
1248 711 1284 755 ²)

150 770 256 810 enim,
288 770 416 816 inquit,
449 771 543 805 Deus
567 772 697 805 tunicas
721 773 897 817 pelliceas,
923 782 956 806 et
981 771 1092 805 induit
1117 772 1227 806 Adam
1251 781 1286 805 et

148 832 329 866 mulierem
354 833 484 879 ejus.««
537 834 640 867 »Illae
673 847 752 877 ergo
783 834 916 868 tunicae
947 835 989 867 de
1018 834 1167 879 pellibus
1192 842 1286 867 erant

150 907 188 926 ex
213 894 413 933 animalibus
436 906 586 930 sumtae:
611 897 735 930 talibus
761 897 850 930 enim
873 898 1058 942 oportebat
1087 896 1182 930 indui
1205 909 1287 941 pec-

151 966 311 997 catorem,
335 958 502 1002 pelliceis,
526 959 722 1004 inquam,³)
748 959 887 1000 tunicis,
918 972 1003 1004 quae
1028 968 1138 992 essent
1160 968 1288 992 morta-

152 1017 266 1057 litatis,
292 1032 391 1064 quam
425 1034 488 1065 pro
521 1030 662 1065 peccato
695 1030 887 1066 acceperat,
921 1030 953 1053 et
984 1020 1173 1063 fragilitatis
1204 1020 1286 1066 ejus,

153 1092 238 1124 quae
265 1095 302 1113 ex
322 1082 428 1114 carnis
459 1083 680 1127 corruptione
711 1083 883 1122 veniebat,
919 1082 1114 1116 indicium«
1169 1083 1288 1128 Itaque

154 1151 273 1175 auctor
296 1143 423 1186 dialogi
449 1144 490 1176 de
516 1145 708 1178 orthodoxa
730 1145 817 1184 fide,
844 1143 902 1189 qui
927 1143 1068 1186 Origeni
1098 1143 1199 1187 vulgo
1230 1144 1291 1177 tri-

155 1203 280 1244 buitur,
305 1204 416 1250 ipsum
441 1206 572 1239 inducit
591 1216 671 1240 sect.
696 1207 736 1240 V.
762 1219 875 1240 veram
905 1214 938 1238 et
969 1205 1004 1238 in
1029 1205 1172 1239 ecclesia
1194 1219 1290 1239 rece=

155 1275 248 1310 ptam
273 1267 472 1315 opinionem
498 1270 540 1302 de
563 1268 684 1302 tunicis
716 1269 784 1302 illis
813 1267 972 1309 scorteis,
1004 1267 1162 1302 adversus
1185 1268 1291 1302 Mari·

155 1341 236 1361 num
261 1329 543 1364 Bardesianistam
566 1340 849 1376 propugnantem,

246 1391 305 1425 IX.
355 1393 446 1426 Inter
479 1393 748 1433 criminationes,
789 1406 871 1438 quas
912 1392 1069 1425 adversus
1107 1391 1292 1435 Origenern

160 1452 299 1494 collegit
321 1453 530 1499 Epiphanius
554 1455 654 1488 Haer.
681 1455 735 1490 64.
763 1468 833 1499 cap.
859 1454 902 1494 4.,
928 1463 961 1486 et
985 1453 1026 1493 in,
1043 1453 1139 1498 epist.
1165 1454 1206 1486 ad
1230 1453 1291 1487 Jo-

159 1526 278 1546 annem
310 1515 537 1562 Hierosolym.
571 1530 644 1561 cap.
670 1517 700 1551 4.
732 1529 798 1549 una
828 1516 910 1549 haec
941 1524 1007 1549 est:
1045 1515 1156 1559 »Inter
1184 1515 1291 1548 multa

161 1576 261 1609 etiam
293 1577 380 1610 illud
409 1591 506 1611 ausus
538 1588 586 1611 est
619 1579 748 1617 dicere,
786 1577 974 1622 perdidisse
1013 1576 1192 1619 imaginem
1225 1577 1292 1610 Dei

162 1639 315 1672 Adamz«
347 1641 441 1686 quod
476 1650 508 1673 et
533 1640 762 1686 Hieronymus
791 1640 917 1684 repetit
948 1639 982 1671 in
1014 1639 1147 1682 epistol.
1172 1639 1225 1674 61.
1250 1640 1291 1671 ad

161 1701 353 1734 Pammach.
389 1716 457 1747 cap,
477 1703 507 1737 3.
564 1701 669 1745 Quasi
701 1703 870 1736 Adamum
902 1701 1051 1734 voluerit
1080 1700 1114 1733 in
1146 1714 1292 1745 poenam

162 1764 305 1809 peccati,
331 1777 399 1797 non
424 1764 515 1806 gravi
540 1765 697 1797 duntaxat
723 1776 878 1808 corpore,
903 1763 949 1796 sic
972 1772 1131 1807 tanquam
1157 1775 1295 1807 compe-

162 1827 260 1860 dibus
286 1826 387 1859 fuisse
413 1826 642 1866 constrictum,
667 1827 725 1858 sed
749 1826 891 1868 imagine
913 1825 1012 1857 etiam
1025 1825 1102 1864 Dei,
1126 1825 1168 1857 ad
1195 1838 1295 1870 quam

165 1889 322 1921 conditus
346 1890 466 1929 fuerat,
491 1889 660 1922 excidisse.
711 1891 754 1921 At
785 1888 887 1931 paulo
920 1887 1058 1920 inferius
1090 1888 1193 1920 docet
1215 1887 1296 1932 Epi-

163 1951 324 1995 phanius,
353 1964 422 1984 non
454 1951 544 1984 idem
576 1964 677 1996 super
711 1951 770 1982 hac
795 1949 990 1994 quaestione
1014 1949 1152 1982 sensisse
1177 1949 1290 1992 Orige-

164 2013 265 2046 nistas
290 2026 422 2046 omnes:
452 2013 621 2057 »Quidam
647 2012 736 2044 enim
763 2025 892 2051 corum,
916 2012 1037 2058 inquit,
1061 2012 1180 2044 dicunt
1204 2012 1296 2055 quod

165 2076 274 2117 imago
301 2077 379 2115 Dei,
405 2089 503 2121 quam
529 2075 620 2120 prius
645 2075 775 2119 accepit
802 2075 925 2113 Adam,
957 2074 1018 2106 illo
1051 2083 1211 2118 peccante
1235 2086 1294 2117 pe-

262 2205 294 2246 ¹)
319 2204 430 2237 G‹›nes
467 2205 508 2244 H,
532 2203 585 2238 23.
792 2205 824 2247 ²)
852 2203 973 2236 Genes.
1000 2203 1059 2242 Ill,
1083 2203 1136 2238 21.

261 2264 295 2304 ³)
321 2262 406 2294 Edd.
435 2261 566 2294 Huctii:
592 2261 710 2304 inquit.
