1403 2492
384 70 696 102 Omonmmonum
720 69 834 101 Lim-,n
861 69 902 100 ΙΙ,
1133 70 1194 104 271

67 159 268 191 notavimus.
319 161 361 190 At
385 159 616 203 patrocinatur
637 158 738 190 Philo
763 158 922 194 sudamus.
947 170 963 187 e
987 157 1080 201 cujus
1106 158 1199 190 libris

67 223 151 264 περὶ
177 220 428 265 κοσμοποιΐας,
454 229 485 252 et
513 219 660 260 Allegor.
686 220 762 261 Leg.
789 221 815 252 l.
847 232 938 251 suam
971 220 1011 250 ‹le
1037 219 1197 251 paradiso

69 282 265 314 sententiam
289 291 458 314 mutuatus
485 290 542 312 est.
581 280 703 313 Futilis
728 290 775 312 est
799 293 940 324 sequens
959 280 1121 312 Eustathii
1147 294 1199 312 ca-

70 342 200 375 villatio
226 343 258 375 in
283 343 448 375 vocabulo
475 344 610 386 μῦθος,
641 355 708 386 quo
740 342 888 374 Paradisi
921 341 1095 374 historiam
1120 343 1198 375 Ori-

70 417 169 446 genes
191 405 395 450 appellavit3
428 417 502 436 cum
528 403 750 436 Grammatici
781 405 886 436 sciant
910 401 1033 447 μύθου
1059 405 1197 436 nomine

71 479 122 498 res
147 480 282 511 quoque.
308 480 385 499 vere
411 475 515 508 gestas
538 465 738 506 significari,
769 466 1056 510 quemadmodum
1084 466 1198 498 llisto-

70 527 193 559 riarum
219 528 355 560 nomine
380 528 510 560 fabulae.
535 539 672 571 quoque
690 539 930 570 nonnunquam
953 526 1196 566 intelliguntur.

70 588 268 633 Propertius
293 590 366 622 libr.
394 591 450 622 lV.
474 589 566 630 Eleg.
593 588 623 622 1.
673 588 862 620 ”Hactenus
893 587 1050 620 historiae
1063 605 1090 627 ,«
1120 602 1196 621 cum

71 650 195 695 Troiae
221 652 348 684 fabulas
382 651 497 683 suisset
530 659 734 694 persecutus.
784 649 897 691 Pergit
931 650 1091 693 conqueri
1129 650 1196 681 Eu—

70 713 219 752 stathius,
244 713 334 757 quod
360 712 503 744 effossos
527 713 567 744 ab
584 712 772 744 Abrahamo
798 720 918 755 puteos
943 710 977 743 in
1002 711 1197 752 allegoriam

71 773 281 811 derivat-erit,
307 773 362 818 qui
386 785 443 805 sua
467 783 578 805 tamen
602 782 709 806 aetate
739 782 944 817 supererant.
992 773 1118 804 Verum
1145 773 1197 805 vel

70 835 155 867 illud
181 844 390 879 postremum
414 834 562 879 iniquam
594 834 665 879 ejus
698 834 965 866 criminationem
997 835 1073 867 satis
1097 835 1198 866 resel-

70 897 128 937 lit;
155 909 232 928 nam
258 897 409 938 Origeni‚
435 897 491 941 qui
516 906 567 928 tot
592 896 624 928 in
640 897 768 929 Judaea
784 896 941 937 transegit
953 909 1069 936 anuos,
1092 895 1198 937 ignoti

71 972 140 991 esse
166 972 234 991 uon
258 968 444 1004 potuerunt
468 959 501 990 hi
526 958 640 1003 putei;
672 967 783 990 tamne
813 970 893 989 vero
919 956 1063 1001 projecti
1088 958 1198 1001 ipsum

69 1021 210 1065 pudoris
233 1021 334 1053 fuisse
361 1021 556 1060 credemus,
589 1030 628 1052 ut
658 1032 729 1052 rem
760 1019 794 1051 in
825 1019 1008 1063 propatulo
1042 1019 1200 1063 positam,

71 1092 103 1114 et
129 1083 279 1114 omnium
306 1081 412 1114 oculis
438 1082 583 1122 obviam,
610 1080 876 1113 commentitiam
894 1094 962 1113 esse
985 1093 1021 1112 ac
1046 1081 1198 1112 fictitiam

71 1144 312 1176 affirmaverit?
346 1143 444 1175 lsaaci
473 1153 645 1188 praeterea
671 1152 705 1174 et
731 1143 904 1175 Rebeccae
930 1155 981 1173 res
1005 1151 1111 1183 gestas
1137 1143 1198 1173 im-

71 1215 215 1238 mutasse
241 1218 316 1237 eum
343 1206 456 1237 refert.
505 1206 604 1238 Certe
630 1204 778 1237 Humilia
803 1204 835 1235 X
880 1203 912 1234 in
939 1203 1073 1242 Genus„
1098 1217 1197 1247 quam

71 1267 125 1299 hic
150 1267 334 1308 designasse
361 1266 493 1298 videtur
517 1266 718 1311 Eustathius,
743 1266 776 1297 id
802 1265 900 1297 habet
920 1264 1082 1305 Origenes
1106 1278 1196 1297 num.

71 1330 101 1363 [1.
129 1330 257 1373 »Saepe
283 1328 346 1374 jam
373 1328 566 1372 dixissquod
595 1328 626 1360 in
652 1328 701 1359 his
727 1340 796 1359 non
827 1325 984 1358 historiae
1014 1335 1198 1365 narrantur,

69 1391 128 1423 sed
153 1390 308 1436 mysteria
333 1400 599 1422 contexunturm
627 1390 718 1434 quod
743 1389 787 1421 ita
811 1387 977 1429 intelligo,
1002 1387 1126 1419 narrari
1150 1388 1198 1419 hi-

70 1452 188 1484 storias
212 1451 360 1496 quidem,
384 1453 443 1484 sed
466 1464 533 1483 non
559 1460 626 1483 tam
653 1451 686 1483 id
713 1450 780 1493 agi,
813 1462 912 1494 quam
937 1449 1093 1494 mysteria
1118 1463 1199 1481 con-

72 1513 155 1546 texi:
181 1526 257 1546 cum
289 1523 321 1545 et
353 1512 506 1546 Homilia
530 1513 604 1545 XV.
637 1526 729 1546 num.
762 1512 790 1546 1.
823 1511 856 1543 in
889 1511 1013 1544 Genes.
1045 1511 1198 1554 Scriptu-

71 1588 141 1607 ram
165 1584 304 1614 asserat,
334 1587 402 1606 non
428 1584 557 1607 tantum
583 1574 752 1606 historicis
783 1573 908 1605 servire
940 1572 1197 1612 narrationibus,

73 1645 233 1680 quantum
263 1637 362 1668 rebus
399 1645 431 1668 et
466 1636 616 1668 sensibus
649 1636 805 1681 mysticis.
870 1634 928 1667 Sin
959 1647 1053 1666 secus
1083 1634 1197 1672 sensit,

72 1697 235 1731 Eustathii
262 1697 432 1741 querelam
457 1699 579 1741 probo.
628 1697 766 1729 Dictum
799 1696 883 1727 illud
916 1709 1053 1739 quoque
1087 1697 1126 1727 (le
1159 1696 1196 1728 iis

73 1759 186 1798 velim,
210 1772 294 1804 quae
318 1768 454 1803 peccata
479 1759 519 1790 ab
545 1772 584 1790 eo
611 1760 696 1790 circa
721 1757 802 1790 Jobi
828 1756 998 1788 historiam
1026 1757 1116 1788 idem
1143 1758 1196 1790 ait.

71 1821 226 1865 lniquum
253 1833 331 1852 vero
354 1833 490 1864 prorsus
517 1829 549 1852 et
574 1820 724 1864 ineptum
751 1828 810 1857 est,
836 1820 927 1862 quod
953 1817 1098 1862 subjicit,
1124 1832 1199 1862 per-

71 1895 185 1927 peram
212 1883 251 1913 ab
277 1882 422 1923 Origene
450 1882 618 1920 Lazarum,
645 1894 744 1926 quem
771 1890 913 1924 propter
929 1880 1083 1911 virtutem
1103 1881 1197 1912 Chri-

72 1954 140 1975 stus
166 1944 335 1985 diligebat,
361 1943 393 1974 in
420 1943 590 1974 hominem
616 1942 762 1986 peccatis
789 1943 995 1973 laborantem
1022 1943 1196 1983 anagogica

72 2004 348 2049 interpretatione
374 2005 473 2037 fuisse
499 2014 673 2037 mutatum.
723 2004 883 2037 Consulat
918 2004 1025 2035 lector
1049 2005 1198 2037 Tomum

70 2065 233 2098 XXVllI.
265 2065 298 2098 in
330 2065 450 2098 Joann.
480 2080 571 2098 num.
601 2066 650 2107 6.,
684 2068 865 2108 Origenem
891 2066 990 2109 culpa
1015 2067 1196 2098 immunem

73 2127 270 2171 comperiet.
318 2129 402 2160 Ram
429 2138 606 2173 postquam
632 2128 743 2160 Lazari
775 2126 967 2166 historiam,
1004 2127 1091 2173 juxta
1125 2128 1198 2160 lite-

71 2202 154 2229 ram,
179 2189 249 2221 susc
275 2190 466 2233 explicavit,
490 2191 548 2222 hac
574 2199 746 2234 praeterea
770 2188 921 2220 homines
946 2188 1066 2230 signari
1092 2189 1196 2228 addit,

53 2251 128 2295 *qui
153 2252 299 2295 peccatis
324 2252 492 2291 admissis,
521 2252 667 2285 amicitia
693 2264 768 2282 cum
793 2251 871 2282 Jesu
899 2249 989 2293 prius
1016 2260 1196 2290 contracta,
