1403 2492
179 59 246 95 122
510 59 622 93 Ρετιιι
654 59 827 93 Bararus
850 59 984 92 llue‘ru

177 151 249 189 κῶς
278 150 383 184 τοῦτο
414 152 560 195 εἴρηται.
615 149 768 182 nomilia
807 150 944 182 demum
976 149 1009 182 in
1041 148 1222 199 Jercmiam
1255 149 1314 182 ‹le-

177 211 260 244 cima
286 225 378 244 num.
404 210 456 252 ss.‚
487 212 665 256 explanans
696 212 783 244 illud
816 213 943 245 Jerem.
966 211 1052 252 XII,
1077 211 1108 246 4.
1154 209 1311 254 ‚‚‚,Quo-

176 287 281 318 usque
307 273 436 316 lugebit
466 274 631 306 terra?““
661 283 783 306 terram
815 287 938 319 corpus
971 286 1040 306 esse
1069 272 1115 305 ait
1144 272 1254 305 anima
1278 280 1311 304 et

174 347 273 367 sensu
299 348 428 376 carens,
458 335 517 367 scd
543 345 649 367 terrae
674 335 811 368 nomine
836 335 1003 380 appellari
1024 334 1179 378 angelum
1203 344 1311 367 terrae

173 397 400 436 adsistentem,
425 409 462 430 ac
487 397 604 429 itidem
629 410 745 442 aquae,
771 398 958 438 elementis,
981 407 1015 430 et
1039 398 1140 430 rebus
1162 395 1312 438 singulis.

176 457 273 501 Quae
301 458 389 491 iuter
420 458 667 491 ecclesiasticos
707 460 865 493 doctores
897 459 1066 492 tritissima
1097 468 1146 492 est
1180 456 1312 503 opinio,

174 520 317 552 animata
343 533 412 552 esse
436 520 546 553 sidera
570 534 631 565 per
662 522 806 554 somnam
831 521 1046 560 adsistentem
1073 530 1107 553 et
1130 520 1312 553 cohaeren-

173 593 252 623 tem,
274 595 342 614 non
368 582 594 615 intromissam
620 592 652 615 et
676 583 925 618 informantem.
973 585 1085 628 Atque
1118 595 1156 616 ex
1187 581 1238 615 liis
1261 593 1311 613 sa-

171 644 212 677 tis
236 654 329 689 patet
354 645 510 686 Origenis
534 645 722 679 haesitatio,

262 707 316 738 Ad
342 707 423 738 liaec
447 706 645 751 Pamphilus
676 706 711 739 in
745 707 967 752 responsione
1000 707 1040 740 ad
1067 716 1220 740 octavam
1245 704 1310 738 cri-

172 768 408 811 minationem,
441 769 624 814 unicuique
652 769 920 802 Christianorum
949 770 997 802 sas
1023 782 1092 802 esse
1117 767 1200 801 dicit
1223 776 1309 800 astra

172 831 326 871 animata,
353 830 405 862 vel
429 844 497 863 non
523 831 667 864 animata
692 845 844 874 censere;
870 845 931 864 nec
956 831 1112 876 cuiquam
1137 829 1308 875 opinionis

171 894 366 926 alterutrius
391 906 502 926 caussa
527 894 702 927 haereseos
725 894 923 926 inurendam
949 906 1018 926 esse
1043 902 1176 933 notam,
1202 904 1309 936 »pro-

169 966 246 1001 pter
270 956 351 995 lioc,
391 956 483 1000 quod
515 969 582 988 non
621 956 667 988 ita
699 954 815 1000 apert-e
848 956 889 988 de
918 955 970 988 his
1001 955 1160 988 traditum
1194 962 1243 986 est
1273 951 1309 984 iu

170 1018 372 1062 Apostoliea
404 1017 693 1062 praedicatione«
752 1017 857 1061 Quod
896 1017 1006 1062 ipsum
1042 1030 1123 1062 prae
1159 1029 1193 1048 se
1229 1014 1309 1047 tulit

170 1080 391 1113 Adamantius
416 1081 448 1112 in
474 1079 659 1112 prooemio
686 1080 852 1112 librorum
877 1082 959 1124 περὶ
976 1079 1110 1124 ἀρχῶν,
1134 1091 1226 1110 num.
1243 1076 1307 1117 10.,

167 1142 218 1174 uti
248 1155 349 1186 supra
384 1141 603 1175 ostendimus.
657 1142 796 1174 Penitus
836 1154 916 1173 vero
948 1140 1131 1182 origenizat
1162 1139 1309 1172 Ambro-

169 1205 247 1245 sius,
271 1204 319 1236 sic
344 1203 509 1237 disserens
533 1203 567 1236 in
592 1203 690 1248 epist.
714 1203 768 1243 36,
792 1204 834 1236 ad
858 1203 1125 1236 Horontianum:
1153 1200 1308 1235 »Stellae

169 1267 303 1300 nebulis
329 1267 496 1299 obductae
521 1275 720 1306 vanescunt,
745 1279 831 1311 quae
856 1265 1020 1298 sustinent
1042 1263 1219 1297 ministerii
1245 1263 1308 1295 liu-

170 1331 222 1377 jus
247 1329 408 1362 mundani
431 1342 520 1369 usus,
542 1342 611 1362 non
635 1338 756 1373 sponte
781 1328 917 1372 utique,
952 1327 1012 1360 sed
1041 1327 1073 1360 in
1109 1337 1188 1371 spe3
1227 1324 1306 1370 quia

169 1401 306 1436 sperant
330 1391 430 1430 etiam
455 1390 553 1436 liujus
588 1390 715 1423 laboris
745 1390 883 1432 gratiam
918 1391 960 1422 ab
986 1403 1046 1429 eo,
1083 1389 1142 1433 qui
1163 1387 1308 1434 subjecit

171 1467 236 1487 eas.
290 1454 443 1497 Ideoque
467 1462 611 1497 propter
635 1466 713 1485 eum
737 1452 910 1492 sustinent,
934 1452 968 1484 id
994 1460 1053 1491 est,
1079 1459 1222 1495 propter
1236 1448 1305 1495 ejus

170 1517 392 1549 voluntatem.
439 1516 511 1548 Nec
535 1514 670 1554 mirum,
694 1514 719 1546 si
734 1514 900 1558 patienter
914 1513 1088 1553 sustinent,
1113 1526 1188 1560 cum
1201 1511 1308 1545 sciant

169 1578 358 1611 Dominum
383 1591 492 1617 suum,
517 1586 550 1609 et
568 1586 754 1609 creatorem
769 1576 932 1616 omnium,
955 1576 1024 1608 sive
1043 1587 1127 1620 quae
1144 1574 1178 1606 in
1195 1572 1306 1614 coelo,

170 1640 239 1674 sive
265 1653 349 1684 quae
374 1640 408 1672 in
433 1648 519 1672 terra
543 1645 636 1679 sunts
655 1639 839 1683 suscepisse
871 1638 978 1671 nostri
1003 1637 1157 1682 corporis
1180 1636 1307 1679 fragili-

168 1707 312 1738 tatem«
361 1702 514 1735 Deinde:
540 1702 664 1734 »Illius
689 1714 766 1743 ergo
792 1700 960 1733 imitantes
983 1699 1172 1732 bonitatem
1195 1699 1307 1732 coele-

169 1774 236 1797 stes
260 1774 443 1805 creaturae,
468 1764 549 1797 licet
572 1763 806 1806 ingemiscant‘,
833 1763 924 1808 quod
949 1762 1068 1795 mundi
1091 1761 1189 1806 liujus
1213 1761 1305 1794 vani-

170 1827 230 1860 tati
255 1826 426 1872 subjectae
447 1826 524 1868 sint,
549 1819 767 1858 consolantur
789 1838 823 1858 se
847 1835 972 1865 tamen,
998 1826 1089 1870 quod
1114 1824 1306 1856 liberabun-

171 1900 227 1923 tur
250 1903 267 1922 a
292 1888 451 1922 servitute
477 1888 705 1932 corruptionis
736 1888 770 1920 in
800 1888 992 1920 libertatem
1021 1885 1187 1928 gloriae.«
1234 1888 1305 1919 Au-

171 1952 320 1996 gustinus
345 1964 481 1995 quoque
506 1951 581 1983 libr.
606 1952 651 1983 ll.
687 1951 728 1982 de
754 1950 876 1982 Genes.
902 1949 945 1981 ad
969 1948 1075 1988 litun,
1107 1958 1140 1980 et
1171 1948 1204 1981 in
1234 1949 1304 1981 En-

171 2014 291 2047 elnirid.
317 2014 356 2046 ad
383 2015 538 2046 Laurent.
565 2025 636 2056 cap.
662 2011 715 2046 58.
741 2012 781 2044 de
809 2025 868 2051 eo,
893 2020 1013 2055 utpote
1044 2024 1079 2043 re
1107 2011 1247 2043 obscura
1272 2020 1306 2043 et

172 2075 314 2115 ineerta,
354 2074 494 2107 desinire
527 2087 562 2107 se
592 2074 685 2106 nolle
711 2074 890 2118 quicquam
916 2075 1073 2107 declarat.
1119 2073 1207 2106 Hinc
1231 2073 1304 2118 ipse

174 2137 331 2179 Origenis
357 2137 582 2181 reprehensor
604 2136 830 2181 Hieronymus
854 2135 887 2168 in
913 2137 1030 2169 eccles.
1056 2137 1081 2177 I,
1106 2135 1136 2170 6.
1163 2135 1303 2175 dubitat,

172 2212 284 2232 annon
309 2198 474 2231 sideribus
498 2198 640 2230 animam
666 2198 830 2232 Salomon
854 2199 967 2231 adesse
998 2198 1182 2242 putaverit:
1213 2206 1245 2229 et
1270 2196 1302 2229 in

173 2261 296 2306 Ephrs.
323 2261 348 2300 I,
372 2260 416 2294 22
437 2286 445 2300 ,
476 2274 517 2293 nc
548 2261 655 2294 sidera
687 2260 822 2305 quidem
850 2261 921 2306 ipsa
946 2261 1072 2294 munda
1096 2273 1164 2292 esse
1191 2272 1304 2292 coram
