1403 2492
216 102 281 137 172
551 99 662 133 Pe'rm
688 99 857 134 munaus
882 101 1012 136 Huc-rii

215 191 372 224 omnibus
396 191 509 223 Deum
535 190 683 222 futurum
709 202 791 222 esse.
838 190 987 236 Exponit
1019 194 1257 236 postmodum,
1289 195 1346 238 qui

215 253 327 286 omnin
343 253 373 297 ¹)
399 261 432 284 et
456 251 489 283 in
516 252 673 284 omnibus
698 251 792 285 Deus
817 264 886 285 esse
912 253 1034 297 possit;
1059 267 1180 299 nempe
1200 267 1276 287 cum
1295 269 1344 288 rn-

212 315 313 349 tionis
337 314 473 360 pollens
497 313 606 346 anima
622 338 630 353 ,
662 313 755 345 omni
779 313 937 346 vitiorum
965 315 1056 348 faece
1081 325 1237 360 purgata,
1261 316 1344 349 nihil

211 377 304 410 aliud
331 375 384 408 vcl
409 374 610 417 intelligere,
637 374 689 407 vel
715 375 838 407 sentire
856 384 981 420 potest,
1006 389 1104 421 quam
1121 377 1259 419 Deum3
1283 390 1345 410 nec

210 438 356 484 amplius
381 450 418 470 ex
449 437 569 469 arbore
600 434 759 468 scientiae
789 436 870 470 boni
903 445 936 469 et
967 438 1047 470 mali
1072 439 1252 483 decerptos
1276 439 1346 471 sru-

211 511 284 534 ctus
309 500 482 542 degustare
508 497 735 541 concupiscit,
767 510 842 530 cum
868 511 1002 543 semper
1025 498 1059 531 in
1084 500 1176 533 bono
1201 499 1259 540 sit,
1283 513 1346 533 nec

212 563 243 596 ei
267 563 391 594 malum
417 569 614 605 perpetrare
638 567 811 603 promtum
843 560 902 600 sit;
936 559 1047 605 eoque
1077 561 1212 594 tandem
1243 570 1344 606 pacto

209 625 310 656 finem
335 621 482 667 reparari
507 621 541 654 in
566 620 782 666 principium,
805 634 985 667 rerumque
1014 622 1118 656 exitus
1135 623 1240 656 initiis
1265 635 1346 656 con-

211 685 301 726 ferri,
326 698 400 717 cuin
427 685 459 717 in
485 684 584 715 illum
608 682 730 714 statum
756 683 951 715 restituetur
973 684 1101 725 anima,
1132 697 1232 730 quern
1265 697 1343 718 cum

210 758 357 787 teneret,
385 747 475 788 ligno
507 744 665 777 scientiae
700 743 781 776 boni
817 753 848 777 ct
880 745 959 777 mali
990 758 1057 778 non
1090 748 1225 789 egebat3
1263 756 1343 780 tunc

211 824 282 843 cam
309 808 411 841 morti
437 806 616 840 obnoxiam
643 818 711 837 non
738 806 903 846 suturam,
937 807 1106 840 detersum
1141 808 1181 841 iri
1206 821 1342 841 ornnem

208 872 354 905 malitiae
379 882 530 907 sensum,
554 869 734 912 Deumque
761 879 839 900 vere
863 868 1013 900 futurum
1039 870 1152 902 onmia
1176 870 1210 902 in
1236 870 1344 902 omni·

208 937 280 968 bus.
331 933 382 966 Ad
408 931 489 964 haec
514 931 611 974 quale
637 930 786 961 futurum
819 930 862 962 sit
892 930 1066 974 spirituale
1097 931 1182 964 illud
1209 945 1343 977 corpus,

208 1009 276 1042 quo
304 991 596 1027 circumvestiendi
630 1001 705 1024 sunt
740 991 846 1031 beati,
878 992 1104 1038 patefacit,²)
1135 993 1343 1039 splendidius

206 1058 366 1091 nimirum
393 1064 425 1087 et
449 1054 666 1086 excellentius
693 1053 893 1098 corporibus
917 1054 1066 1098 reliquis,
1091 1068 1175 1099 quae
1198 1056 1260 1088 sub
1286 1056 1343 1088 ad·

207 1128 362 1165 spectum
387 1117 505 1149 cadere
530 1124 688 1160 possunt3
714 1128 754 1147 co
781 1129 861 1147 vero
877 1116 952 1160 plus
969 1116 1164 1149 subtilitatis
1177 1129 1214 1149 ac
1228 1117 1341 1161 splen-

207 1182 299 1215 doris
324 1180 544 1224 adcpturum‚
576 1189 643 1221 quo
669 1176 799 1209 ratione
824 1177 983 1210 instructa
1009 1178 1117 1210 anima
1143 1178 1220 1223 plus
1245 1179 1344 1211 meri-

206 1245 248 1278 tis
273 1242 340 1276 suis
364 1255 402 1274 ac
426 1239 605 1272 virtutibus
629 1238 835 1283 poposcerit.
885 1239 1028 1283 Quaerit
1051 1241 1205 1280 demum,
1229 1250 1342 1273 utrum

207 1315 420 1355 postprerum
454 1300 799 1339 consummationem,
840 1314 916 1333 curn
950 1302 1044 1334 Deus
1076 1302 1140 1335 erit
1171 1303 1283 1336 omnia
1306 1302 1341 1336 in

207 1368 375 1408 omnibus,
399 1365 490 1397 idem
517 1363 579 1396 erit
604 1375 788 1407 corporum
821 1363 974 1396 omnium
1005 1363 1120 1406 fulgor
1153 1373 1187 1398 et
1216 1364 1342 1408 gloria;

205 1429 456 1475 respondetque
487 1438 656 1458 summum
690 1424 786 1456 illum
820 1433 853 1457 et
883 1425 1072 1469 perfectum
1109 1434 1232 1459 statum
1264 1427 1342 1459 ade-

205 1501 339 1538 pturam
372 1499 573 1532 corpoream
604 1495 775 1525 naturam,
817 1495 996 1530 postquam
1027 1487 1147 1519 sanetis
1177 1487 1340 1520 doctrinis

205 1552 352 1586 eruditas
383 1549 508 1582 animas
543 1549 620 1581 Deo
657 1548 748 1580 Patri
788 1547 938 1581 Christus
973 1547 1164 1593 subjecerit.
1229 1551 1339 1594 Atque

204 1617 285 1649 haec
309 1615 380 1647 fere
405 1612 505 1644 habet
536 1610 763 1656 Hieronymus
794 1609 890 1654 epist.
915 1609 967 1644 59.
999 1611 1040 1642 ad
1075 1610 1164 1644 Avit.
1198 1624 1270 1656 cap.
1295 1611 1339 1651 3.‚

205 1688 238 1712 et
262 1678 302 1710 ad
326 1677 428 1709 finem
454 1672 532 1706 libri
555 1667 661 1718 hujus*
678 1671 768 1704 tertii
800 1674 881 1716 περὶ
915 1672 1038 1716 ἀρχῶν
1069 1671 1131 1704 ista
1153 1671 1336 1714 Origenem

201 1740 353 1774 intulisse
377 1736 436 1769 ait:
471 1735 535 1768 »Et
567 1734 630 1766 erit
665 1734 760 1766 Deus
792 1733 905 1766 omnia
935 1733 968 1766 in
994 1732 1170 1773 omnibus,
1200 1742 1238 1766 ut
1261 1733 1337 1766 uni-

201 1815 297 1835 versa
319 1809 438 1833 natura
462 1809 627 1842 corporea
651 1795 821 1837 redigatur
843 1794 876 1827 in
902 1807 974 1828 eam
999 1795 1228 1836 substantiam,
1252 1809 1337 1841 quae

205 1863 363 1897 omnibus
387 1860 512 1895 melior
536 1868 596 1899 est,
620 1858 655 1891 in
681 1857 827 1890 divinam
852 1856 991 1896 scilicet,
1015 1869 1078 1901 qua
1093 1856 1186 1890 nulla
1201 1866 1250 1891 est
1266 1870 1336 1890 me-

206 1927 315 1959 lim-t«
344 1923 436 1969 quod
469 1922 610 1955 Rufinus
647 1918 880 1952 dissimulavit.
935 1918 1171 1951 Dissimulavit
1203 1928 1234 1952 et
1270 1919 1335 1953 hoc

202 1990 362 2026 alterum,
400 1985 492 2029 quod
524 1996 560 2015 ex
593 1983 714 2015 codem
740 1979 895 2022 Origenis
921 1980 1008 2012 libro
1035 1993 1105 2024 cap.
1130 1980 1161 2014 6.
1187 1994 1277 2013 nuru.
1304 1980 1334 2016 3.

202 2049 340 2083 adducit
362 2046 491 2080 ibidem
516 2045 757 2090 Hieronymus:
787 2044 875 2075 »Nec
901 2042 1042 2074 dubium
1068 2051 1127 2082 est,
1153 2042 1231 2087 quin
1257 2052 1334 2087 post

202 2112 364 2158 quaedam
390 2107 565 2141 intervalla
590 2115 781 2150 temporum
807 2118 919 2137 rursus
944 2105 1082 2137 materia
1105 2104 1278 2145 subsistat,
1301 2114 1334 2137 et

301 2241 330 2284 Ι)
358 2239 427 2270 Csr.
454 2238 464 2269 l
493 2235 572 2266 Cor.
599 2234 672 2273 XV,
696 2233 749 2267 28.

298 2297 332 2339 ³)
358 2294 421 2327 Ed.
448 2290 569 2326 Ruaei:
596 2289 751 2334 patefecit
