1403 2492
163 108 233 144 218
493 107 607 142 Pmm
632 107 806 142 Damtus
831 108 963 143 Hae-ru

160 200 252 233 Filio
278 199 346 232 Dei
371 198 539 231 beneflcio
572 199 734 231 affectum
760 199 880 240 docet,
914 211 1015 243 quem
1046 198 1092 232 ita
1124 201 1298 244 expurgari

160 262 216 301 ait,
242 261 533 306 quemadmodum
558 273 676 293 aurum
701 260 856 293 adhibito
891 260 966 302 igne
1000 270 1220 306 expurgatur,
1249 274 1299 295 se-

162 333 252 357 creta
278 333 311 356 et
335 333 473 356 excocta
497 323 655 368 sequiore
692 323 850 365 materia3
881 323 1086 368 tandemque
1116 323 1300 368 aliquando

159 399 223 430 per
247 385 367 428 longos
399 394 593 429 temporum
624 384 769 417 ambitus
803 393 1001 426 consumto,
1034 385 1128 430 quod
1161 395 1302 418 naturae

160 448 258 488 inest,
284 447 378 480 omni
401 448 512 486 malo,
552 448 727 480 damnatos
759 446 792 479 in
825 446 992 489 integrum
1024 447 1066 480 iri
1096 447 1302 489 restitutum,

160 519 198 542 ut
222 522 292 542 uno
318 522 377 542 ore
401 508 523 551 gratias
548 498 678 542 creatae
709 522 761 541 res
792 509 969 542 universae
1002 509 1077 542 Deo
1109 509 1302 543 refundant.

161 575 290 605 Aurum
323 571 441 604 itidem
472 571 506 603 in
539 571 733 615 exemplum
765 571 920 604 adsciscit
952 558 1028 616 capi
1047 572 1192 606 XXXV.
1222 570 1302 604 libri

161 633 325 680 ejusdem,
350 642 385 665 et
406 646 448 665 ne
474 633 606 665 suturae
630 633 768 678 quidem
792 647 851 678 spe
877 633 993 666 salutis
1017 645 1077 666 eos
1093 632 1302 673 intercludit,

161 695 219 741 qui
243 707 353 740 neque
377 695 557 739 baptismi,
583 707 693 740 neque
709 695 950 740 poenitentiae,
974 707 1036 728 nec
1060 695 1130 728 ulla
1155 694 1301 740 denique

159 757 361 802 purgatione
387 756 474 790 vitae
498 770 600 789 noxas
627 757 792 790 eluerunt.
841 757 967 789 Verum
998 757 1181 790 intercedit
1215 757 1302 790 Ger-

160 832 278 852 manus
303 818 497 852 Patriarclia
521 818 933 864 Constantinopolitanus,
957 819 1014 864 qui
1040 828 1078 852 ut
1102 818 1201 865 liujus
1225 818 1302 864 opi-

160 881 272 914 nionis
297 881 410 913 labem
435 893 454 913 a
471 879 639 922 Gregorio
660 878 1044 927 Nyssenoabstergeret,
1070 880 1196 913 librum
1220 880 1302 913 scri-

160 943 238 988 psit,
265 942 359 988 cujus
384 951 541 987 excerpta
566 942 667 974 habet
689 942 833 978 Pliotius
859 942 946 977 C'od.
969 942 1048 978 233.
1094 942 1172 976 Hoc
1197 955 1302 987 opere

161 1005 462 1038 demonstrandum
494 1003 559 1036 sibi
594 1004 759 1049 proponit
791 1005 999 1045 Germanus,
1037 1006 1079 1038 ab
1111 1016 1152 1037 eo
1186 1017 1302 1037 errore

160 1066 310 1099 alienum
334 1066 436 1099 fuisse
473 1065 697 1108 Gregorium3
726 1066 754 1099 si
789 1079 854 1112 qua
890 1080 972 1100 vero
1003 1066 1038 1100 in
1068 1066 1139 1113 ejus
1168 1066 1303 1111 scriptis

160 1128 244 1161 illuc
270 1129 427 1160 videntur
450 1128 639 1172 pertinere,
668 1127 769 1161 fuisse
794 1130 836 1161 ab
861 1128 1063 1171 origenistis
1087 1130 1222 1169 intexta,
1248 1128 1303 1161 vel

162 1199 252 1222 certe
277 1190 466 1234 depravata.
516 1190 554 1222 ld
583 1189 696 1234 ipsum
726 1203 761 1222 se
793 1190 959 1223 inaudisse
991 1199 1104 1224 narrat
1131 1189 1304 1234 Nicepho-

161 1266 219 1285 rus
245 1252 322 1285 libr.
345 1252 408 1284 Xl.
435 1264 506 1296 cap.
530 1251 583 1286 19.
630 1253 682 1285 Ne
709 1252 910 1285 Ambrosius
933 1253 1071 1297 quidem
1095 1253 1138 1285 ab
1155 1251 1302 1294 Origene

162 1314 322 1355 dissonat,
347 1327 424 1346 cum
447 1306 622 1347 Psalmum
646 1314 772 1347 CXlX.
804 1327 993 1359 exponens,
1023 1327 1102 1348 reos
1125 1314 1304 1359 suppliciis

161 1376 284 1421 subjici
309 1385 432 1417 censet,
458 1375 537 1420 quia
560 1376 601 1408 iis
622 1376 807 1421 aliquando
839 1375 1009 1408 eximendi
1040 1386 1136 1418 sunt3
1171 1375 1303 1409 diaboli

161 1451 243 1471 vero
268 1450 415 1482 poenam
440 1438 584 1478 differri,
609 1447 647 1470 ut
670 1451 843 1483 nunquam
869 1437 1015 1471 finiatur.
1064 1438 1145 1482 Quo
1171 1438 1304 1471 accedit

162 1499 413 1533 Ambrosiaster
435 1498 471 1531 in
495 1499 633 1544 epistol.
658 1500 700 1532 ad
722 1500 846 1544 Eplies.
871 1499 1013 1544 cap.ll.,
1037 1499 1215 1532 ecclesiam
1241 1500 1303 1532 do-

164 1575 258 1603 cens,
287 1561 349 1594 etsi
371 1570 485 1594 saneta
509 1560 659 1603 dicatur,
688 1561 883 1594 hominibus
914 1571 1027 1594 tamen
1060 1561 1190 1594 vitiosis
1222 1574 1303 1595 con-

161 1634 260 1665 stare,
284 1636 354 1656 non
381 1622 541 1668 perituris
565 1623 722 1671 quidem,
745 1624 804 1656 sed
828 1637 891 1668 per
914 1623 1023 1665 ignem
1046 1623 1242 1668 purgandis:
1269 1632 1302 1656 et

161 1687 196 1719 in
223 1699 294 1731 cap.
320 1686 382 1718 Ill.
407 1685 698 1730 praedicationem
720 1685 984 1719 ecclesiasticam
1009 1685 1055 1717 ait
1079 1685 1303 1718 daemonibus

160 1749 341 1794 proficere,
364 1756 402 1779 ut
426 1748 613 1779 detractato
638 1748 767 1780 diaboli
791 1747 939 1792 imperio
965 1747 1007 1779 ad
1024 1747 1137 1781 Deum
1163 1760 1304 1780 conver-

159 1821 284 1844 tantur.
332 1810 439 1844 Caute
463 1822 600 1855 quoque
625 1798 873 1843 observandum
896 1819 947 1843 est
963 1809 1221 1855 Hieronymum,
1245 1808 1302 1854 qni

161 1884 216 1907 tot
241 1873 446 1915 Origeniano
472 1871 602 1904 nomini
629 1872 851 1904 contumelias
874 1871 1005 1913 inflixit,
1030 1871 1065 1904 id
1083 1872 1154 1905 sere
1171 1871 1205 1904 in
1223 1871 1302 1905 Ori-

163 1948 246 1978 gene
271 1949 373 1980 super
397 1935 458 1966 liae
484 1935 680 1980 quaestione
697 1947 847 1976 arguere,
876 1934 969 1979 quod
989 1934 1163 1967 diabolum
1181 1933 1302 1978 poenis

163 1998 376 2031 liberandum
403 2010 472 2030 esse
504 1997 699 2036 asseruerit,
735 1997 888 2041 quamvis
920 1997 1125 2029 contrarium
1158 1996 1303 2028 fateatur

163 2060 299 2100 alicubi,
326 2059 596 2099 utnotavim1153
629 2060 670 2091 de
703 2058 905 2091 liberatione
938 2072 1018 2091 vero
1051 2058 1228 2091 hominum
1257 2058 1302 2091 si-

165 2123 264 2155 luisse
297 2123 418 2166 ipsum.
482 2123 596 2166 ltaque
628 2121 803 2153 abnormia
837 2121 971 2154 disserit
1001 2121 1184 2166 quaedam,
1219 2130 1253 2152 et
1283 2133 1301 2153 a

163 2186 230 2217 fide
253 2185 372 2224 aliena,
399 2185 472 2216 libr.
498 2184 520 2216 l.
553 2184 682 2217 advers.
715 2183 883 2225 pelagian.
917 2197 988 2228 cap.
1014 2183 1046 2217 9.
1078 2195 1206 2227 poenas
1235 2191 1300 2214 tra-

164 2249 245 2280 ‹lens
270 2246 490 2291 sempiternas
515 2246 672 2278 destinari
698 2246 854 2286 diabolo,
889 2256 923 2279 et
953 2245 1146 2277 hominibus
1169 2243 1299 2288 impiis;

164 2320 195 2342 at
235 2309 357 2354 iniquis
396 2319 427 2341 et
466 2318 684 2353 peccatorum
726 2309 789 2342 reis
826 2308 1030 2354 temporales
1068 2306 1297 2340 solummodo.
