1403 2492
178 58 223 94 32
520 57 632 92 Ρετιυ
656 57 829 90 ΒΑΝιιηιε
854 56 984 91 Ηυετη

181 147 350 183 addiderit
374 147 536 188 photius,
571 160 613 181 an
645 148 823 181 detraxerit
855 147 1086 192 Epiphanius,
1123 147 1182 193 qui
1211 156 1318 181 totam

179 210 351 246 Methodii
376 208 638 254 disputationem
664 209 697 242 in
730 210 904 254 epitomen
936 210 1121 250 contraxit,
1152 209 1245 243 dictu
1270 211 1318 243 sa-

180 274 244 306 cile
268 285 338 305 non
363 280 421 304 est.
470 271 568 304 Adde
592 284 655 316 pro
682 284 742 305 eo:
766 270 803 307 ‘O
827 272 856 306 δ’
881 272 1084 318 Ὤριγένης;
1116 271 1322 305 contrariam

179 334 363 368 lectionem
387 333 625 366 Photinianum
652 334 820 378 quendam
846 334 1012 367 Codicem
1036 333 1212 375 exhibere;
1245 346 1319 366 eam

180 396 327 430 scilicet:
368 394 453 430 Οὐδ’
483 394 681 441 Ὠριγένης.
742 395 813 428 Nec
844 396 968 428 mirum
1000 396 1091 428 soret
1121 407 1139 428 a
1173 395 1317 428 Platone

182 458 365 500 Origenem
389 457 566 496 recedere,
593 469 694 501 quem
719 457 759 489 ab
785 458 908 490 eodem
932 457 1106 490 recessisse
1129 470 1209 490 mox
1233 457 1318 490 vidi-

179 534 272 560 mus,
297 533 373 553 cum
401 520 442 552 de
467 518 604 559 animis,
629 531 858 563 corporeaene
884 532 925 552 an
949 520 1174 564 incorporeae
1199 527 1318 559 essent,

182 591 410 627 quaereretur.

270 646 317 677 At
350 643 523 676 fatendum
558 652 670 675 tamen
708 652 758 675 est
796 642 1080 685 origenianorum
1123 643 1319 685 dogmatum

181 704 430 739 cohaerentiam
456 717 496 737 eo
522 718 583 737 nos
609 704 833 749 compellere,
864 714 901 736 ut
932 704 1042 738 anima
1066 704 1139 738 sola
1165 714 1319 737 constare

179 767 354 800 hominem
380 765 545 799 censuisse
564 766 803 798 Adamantium
830 766 990 800 dicamus.
1027 767 1113 800 Nam
1137 766 1166 799 si
1189 767 1319 799 animae

180 829 351 862 vinculum
377 838 409 861 et
434 841 547 861 carcer
573 841 696 873 corpus
722 837 799 876 est,
824 828 882 872 qui
912 842 989 873 pars
1020 828 1195 862 hominem
1227 841 1321 861 com-

178 904 310 936 ponens
340 889 522 922 existimari
552 889 704 934 poterit?
751 889 966 935 Quamquam
997 890 1062 923 alia
1087 889 1202 923 omnia
1224 889 1320 934 sequi

179 952 313 984 videtur
336 950 468 984 Homil.
493 951 621 984 XXIX.
646 951 679 983 in
702 952 802 992 Luc.·,
835 965 913 984 cum
936 951 1001 985 ait:
1041 966 1058 981 »
1069 951 1189 986 Omnis
1212 952 1317 984 homo

177 1013 282 1046 morti
305 1012 471 1058 subjacet;
502 1012 563 1045 iste
596 1025 694 1054 ergo,
726 1013 783 1057 qui
813 1026 1025 1058 nequaquam
1056 1014 1218 1054 moritur,
1250 1013 1317 1059 jam

177 1089 248 1108 non
281 1084 330 1108 est
358 1074 484 1114 homo,
516 1075 575 1119 sed
598 1074 694 1107 Deus
727 1084 818 1107 estu<
857 1088 956 1119 quem
999 1075 1113 1107 locum
1143 1074 1318 1108 attulimus

178 1150 296 1181 supra,
328 1150 405 1169 cum
437 1136 704 1180 disputaremus,
740 1148 780 1168 an
805 1136 989 1169 crediderit
1012 1136 1185 1170 Christum
1209 1137 1321 1169 homi-

178 1213 259 1232 nem
284 1211 354 1231 esse
378 1198 535 1238 desiisse,
567 1206 748 1242 postquam
780 1207 936 1230 mortuus
969 1207 1028 1231 est.
1077 1197 1247 1231 Christum
1271 1198 1319 1231 ibi

178 1261 245 1306 jam
269 1259 443 1293 hominem
466 1273 534 1296 non
561 1272 630 1292 esse
655 1259 818 1300 affirmat,
852 1258 929 1304 quia
952 1259 1058 1292 morti
1081 1259 1148 1305 jam
1171 1259 1318 1304 amplius

181 1323 347 1355 obnoxius
369 1334 439 1354 non
465 1331 532 1354 est:
564 1320 714 1365 quisquis
740 1333 818 1362 ergo
843 1321 932 1353 mori
957 1334 1026 1353 non
1050 1330 1182 1366 potest,
1212 1321 1318 1354 homo

178 1397 248 1417 non
281 1393 331 1416 est
363 1396 401 1415 ex
427 1382 583 1425 Origenis
614 1383 796 1415 sententia:
832 1391 867 1415 at
897 1382 1006 1415 anima
1032 1383 1176 1415 humana
1201 1395 1218 1415 a
1244 1396 1319 1415 cor-

177 1458 262 1490 pore
286 1443 436 1490 sejuncta
459 1444 547 1476 mori
571 1457 640 1476 non
666 1453 795 1489 potest:
831 1443 940 1476 anima
972 1443 1076 1486 igitur
1109 1457 1147 1477 ex
1179 1445 1317 1476 decreto

179 1505 336 1548 Origenis
366 1506 472 1538 homo
504 1518 573 1538 non
605 1515 664 1539 est.
721 1505 825 1549 Quod
858 1507 982 1550 absque
1019 1507 1158 1548 ambage
1190 1506 1318 1546 asserit,

178 1567 259 1600 haec
284 1568 385 1600 verba
408 1567 533 1601 Psalmi
550 1567 674 1601 CXIX.
700 1580 784 1602 vers.
809 1568 863 1602 50.
888 1568 1113 1612 interpretans
1132 1567 1173 1600 'in
1191 1567 1318 1600 Catena

178 1629 402 1666 Corderiana:
434 1629 552 1662 »Haec
576 1642 631 1661 me
657 1630 831 1663 consolata
856 1639 905 1662 est
929 1629 963 1662 iu
988 1629 1177 1662 humilitate
1202 1642 1316 1662 mem«

177 1689 263 1734 Ζωὴ
293 1690 312 1733 ὴ
338 1693 540 1735 μέλλουσα,
572 1690 700 1736 inquit,
731 1692 830 1726 ἐστὶν
861 1689 1084 1735 ἀναζώωσις,
1122 1689 1218 1726 καθὸ
1249 1689 1315 1734 τὴν

176 1751 320 1798 ψυχὴν,
345 1752 411 1787 οὐκ
433 1752 534 1787 ἰδίαν
558 1752 669 1797 ζωὴν,
696 1752 926 1797 οὐδὲάληθῆ
946 1750 1037 1789 εἶναι
1053 1751 1312 1798 μανθάνομεν,

177 1817 279 1862 εἴπερ
303 1814 368 1849 οὐκ
392 1810 589 1861 ἅνθρωπος
613 1812 633 1858 ἡ
661 1813 778 1860 ψυχή·
809 1818 841 1851 εἰ
870 1814 943 1862 γὰρ
973 1815 1014 1849 ἐν
1045 1816 1085 1862 τῇ
1116 1814 1198 1849 καθ’
1227 1815 1313 1849 ἑαυ-

175 1875 242 1921 τὴν
266 1878 333 1924 ζωῇ
364 1875 404 1911 τὸ
437 1876 567 1920 ἀληθὲς
591 1872 663 1921 εἶχε
691 1878 755 1910 τοῦ
787 1878 866 1923 ζῇν,
899 1875 965 1911 οὐκ
995 1873 1042 1910 ἂν
1073 1874 1315 1917 (ἔναζωώσεως

176 1937 194 1973 ὁ
230 1937 411 1983 τεθνηκώς
442 1939 576 1974 ἐδεῖτο·
609 1936 667 1972 διὸ
701 1939 763 1971 καὶ
796 1936 814 1972 ὁ
846 1936 968 1984 κύριος
1007 1937 1090 1977 τοὺς
1118 1940 1316 1977 τεθνεῶτας

174 2002 249 2045 θεῷ
275 2003 336 2048 ζῇν
359 1997 472 2045 εἶπεν,
500 1999 547 2038 ὠς
571 1996 672 2034 οὔπω
699 1997 737 2033 τὸ
764 2001 824 2046 ζῇν
849 2000 1009 2044 ἔχοντας,
1034 1998 1134 2043 πλὴν
1157 1998 1247 2035 ὅσον
1271 2000 1314 2035 οὐ

176 2059 334 2107 δυνάμει
365 2064 454 2096 θεοῦ
490 2064 553 2097 τοῦ
586 2058 892 2105 ζωοποιήσαντος,
914 2062 945 2106 ¹)
984 2063 1045 2096 καὶ
1082 2059 1312 2096 ἀπολωλέναι

175 2124 293 2168 ᾳησὶν
317 2121 465 2165 αὐτοὺς,
489 2126 521 2159 εἰ
543 2121 594 2168 μὴ
620 2124 679 2167 τῆς
703 2120 934 2164 ἀναστάσεως
958 2123 1110 2170 τύχοιεν.
1159 2122 1313 2158 Concur-

271 2244 303 2288 ¹)
328 2244 414 2280 Edd.
440 2244 577 2280 Huetii:
602 2243 899 2290 ζωοποιήσοντος.
