1403 2492
326 96 639 129 Omceumuonum
664 94 775 126 Lmen
800 93 842 125 11.
1085 92 1146 126 175

26 199 99 220 rum
140 195 279 228 contage
315 185 495 218 etiamnum
532 184 739 222 laborantes,
784 190 963 226 postquam
1005 194 1149 226 corpore

29 247 166 281 emissae
190 257 279 287 sunt,
302 260 364 292 per
389 246 474 278 varia
499 244 619 277 deduci
646 245 719 276 loca
744 244 855 283 finxit,
886 244 920 276 in
951 243 1071 288 quibus
1097 256 1151 275 ex·-

28 319 193 355 purgatas,
217 319 250 342 et
275 309 315 341 ab
340 307 462 350 angelis
486 307 564 338 huic
588 305 775 339 ministerio
800 305 972 339 destinatis
996 305 1154 345 eruditas,

29 381 62 404 et
86 384 238 405 errorum
263 369 408 403 tenebris
432 369 609 408 exsolutas,
631 367 898 412 splendidiorem
921 380 958 400 ac
978 368 1156 401 celsiorem

30 433 202 475 regionem
233 432 475 472 conscendere,
507 430 622 474 ibique
653 429 749 462 novis
779 429 955 462 instructas
983 429 1156 469 doctrinis,

31 495 170 540 aliisque
193 507 267 528 usas
292 493 453 536 magistris
477 493 510 524 in
533 491 710 524 sublimius
735 491 832 531 ferri,
863 492 971 524 donec
1002 493 1042 524 ad
1066 505 1157 524 sum—

32 569 137 597 mum,
161 569 260 601 quem
285 555 445 595 diximus,
469 553 637 586 felicitatis
661 553 789 597 apicem
814 553 997 595 evaserint;
1027 566 1065 586 ac
1088 553 1159 598 pri-

34 630 127 650 mum
150 618 184 650 in
216 626 307 650 certo
341 616 487 661 quodam
520 625 626 648 terrae
664 616 741 648 loco
775 625 923 648 terrenas
959 616 1088 656 faeces,
1126 625 1160 648 et

34 679 252 722 ignorantiam
277 677 414 723 deponi,
437 687 535 721 atque
560 678 647 710 hunc
673 690 742 710 esse
765 677 984 719 Paradisum3
1014 677 1093 710 inde
1125 677 1162 710 in

36 745 123 781 aere,
147 750 182 773 et
203 740 239 773 in
263 739 401 772 diversis
423 739 644 784 postmodum
670 739 757 772 coeli
789 739 872 772 locis
901 752 1024 772 novam
1049 752 1163 785 capes-

35 815 107 835 sere
137 802 367 847 disciplinam,
408 811 441 834 et
474 802 623 846 perfecta
657 802 792 834 demum
825 802 985 835 beatitate
1008 802 1093 843 frui;
1128 802 1163 834 in

35 863 172 906 singulis
195 873 306 897 autem
329 863 559 896 mansionibus
585 876 625 896 eo
651 863 898 896 diuturniorem
918 876 1013 906 agere
1032 877 1163 897 moram

38 925 172 966 animas,
195 938 264 971 quo
286 926 451 971 pluribus,
476 927 556 958 dum
582 925 719 969 corpori
744 925 918 970 adjunctae
943 935 1070 966 essent,
1093 938 1165 959 sese

37 987 132 1020 noxis
163 987 448 1027 contaminarunt,
486 987 708 1032 pluribusque
746 987 1007 1032 inquinamentis
1046 1001 1166 1033 expur-

37 1050 162 1091 gandae
186 1059 273 1082 sunt.
319 1049 526 1094 Frequentes
560 1058 687 1090 exstant
719 1049 891 1082 doctrinae
920 1049 1019 1095 hujus
1050 1059 1170 1092 notae;

39 1124 100 1144 nos
138 1112 333 1156 praecipuas
373 1124 599 1155 excerpeinus.
656 1111 808 1145 Homilia
839 1112 964 1144 XXVI.
1000 1112 1034 1144 in
1070 1113 1172 1146 Num.

40 1186 134 1206 num.
157 1173 190 1207 4.
215 1173 395 1216 digressum
419 1172 548 1204 animae
579 1185 596 1204 a
628 1185 793 1217 corpore,
824 1173 1050 1206 Israelitarum
1082 1174 1172 1206 exitu

45 1236 87 1268 de
112 1237 266 1281 Aegypto
292 1234 431 1279 exprimi
455 1234 573 1273 tradit,
603 1247 678 1266 cum
709 1234 835 1267 relictis
859 1234 976 1267 mundi
1000 1235 1098 1281 hujus
1122 1244 1172 1268 te-

44 1296 167 1336 nebris,
192 1305 226 1329 et
250 1298 401 1340 corporis
427 1296 595 1335 caecitate,
617 1296 652 1328 in
664 1296 767 1328 alium
785 1297 901 1329 orbem
918 1296 1036 1329 transit
1053 1297 1173 1337 anima,

47 1358 104 1403 qui
127 1358 182 1391 vel
207 1358 295 1390 sinus
322 1357 484 1397 Abrahae,
509 1367 546 1390 ut
569 1358 603 1390 in
629 1358 741 1390 Lazari
768 1358 923 1397 historia,
956 1357 1009 1392 vel
1034 1359 1172 1392 Paradi-

45 1433 110 1460 sus,
135 1429 172 1473 ut
195 1420 229 1452 in
252 1420 311 1452 illa
336 1419 486 1459 latronis,
511 1429 742 1463 nuncupatur;
766 1419 818 1452 vel
846 1419 977 1460 »etiam‚
1001 1419 1122 1465 inquit,
1147 1420 1175 1453 si

45 1495 111 1527 qua
133 1482 229 1515 novit
251 1482 345 1514 Deus
369 1494 437 1513 esse
463 1481 527 1514 alia
559 1481 651 1522 loca,
682 1481 736 1513 vel
767 1481 847 1514 alias
879 1482 1084 1523 mansiones,
1116 1495 1178 1527 per

49 1557 133 1590 quae
156 1543 317 1578 transiens
347 1543 457 1576 anima
486 1544 562 1576 Deo
595 1544 751 1583 credens,
784 1552 817 1576 et
847 1544 1046 1588 perveniens
1072 1557 1177 1589 usque

47 1607 88 1640 ad
112 1607 238 1639 flumen
260 1606 358 1645 illud,
383 1606 475 1650 quod
500 1605 657 1638 laetificat
681 1606 845 1639 civitatem
863 1606 941 1646 Dei,
965 1606 1050 1639 intra
1074 1605 1179 1650 ipsam

49 1678 175 1702 sortem
199 1667 383 1713 promissae
408 1667 561 1699 Patribus
586 1668 799 1700 haereditatis
830 1668 1017 1713 accipian«
1054 1677 1087 1700 et
1120 1667 1180 1700 ali-

51 1739 177 1774 quanto
202 1739 290 1774 post,
323 1741 413 1761 num.
440 1730 487 1763 5.:
529 1730 647 1762 »Istius
681 1742 758 1771 ergo
792 1740 897 1762 terrae
928 1729 1181 1769 haereditatem,

43 1802 271 1836 ⁴posteaquam
304 1791 345 1823 de
376 1790 492 1823 mundi
526 1790 621 1836 hujus
646 1793 799 1837 Aegypto
827 1791 960 1831 exierit,
993 1791 1071 1823 Deo
1111 1802 1182 1823 cre-

56 1853 135 1886 dens
159 1852 266 1885 anima
293 1852 528 1896 consequitur:
561 1862 593 1884 et
617 1851 696 1884 alibi
723 1853 858 1896 quidem
885 1852 918 1892 ii,
944 1852 1000 1896 qui
1025 1853 1087 1884 sub
1112 1850 1184 1894 lege

59 1919 220 1953 vixerunt,
245 1914 325 1947 alibi
349 1923 458 1946 autem
486 1914 542 1958 qui
577 1927 638 1958 per
661 1915 741 1946 Jesu
768 1914 891 1946 Clu-isti
926 1914 1029 1946 fidem
1058 1923 1091 1946 et
1114 1926 1183 1956 gra-

59 1975 140 2008 tiam
165 1975 344 2020 dispensati
378 1985 482 2008 sunt«
542 1976 691 2008 Homilia
725 1975 845 2008 deinde
877 1975 1029 2019 sequenti
1063 1975 1186 2020 repetit

61 2038 140 2070 haec
166 2037 294 2078 eadem,
318 2045 350 2069 et
375 2037 511 2071 diversis
543 2038 770 2071 mansionibus
806 2037 1030 2070 israelitarum
1062 2038 1095 2070 in
1129 2038 1187 2070 de—

60 2109 160 2139 serto,
185 2098 313 2132 animae
335 2099 524 2133 mansiones
548 2099 656 2134 notari
681 2100 813 2140 scribit;
845 2109 881 2131 ut
914 2109 946 2131 et
976 2100 1037 2131 illo
1065 2099 1188 2132 Christi

60 2162 179 2194 Joann.
205 2161 296 2200 XIV,
320 2160 351 2196 2.
401 2162 488 2194 »»In
521 2163 625 2195 domo
649 2161 757 2195 Patris
792 2162 856 2194 mei
891 2161 1079 2193 mansiones
1104 2161 1191 2192 mul-

63 2232 114 2255 tae
139 2232 279 2255 sumtu«
307 2235 344 2254 ac
370 2223 465 2256 variis
500 2234 671 2268 praeterea
708 2224 949 2268 prophetarum
981 2222 1192 2261 testimoniis,

65 2297 147 2328 quac·
171 2284 313 2317 subinde
339 2294 531 2317 enumerat:
564 2298 624 2330 per
655 2285 732 2318 baec
764 2297 842 2328 ergo
876 2285 949 2317 loca
981 2284 1193 2328 peregrinan-
