1403 2492
368 104 679 137 Onmssmanonum
703 101 815 134 Lmen
838 101 880 137 ΙΙ.
1128 102 1172 136 57

47 191 81 224 in
104 191 220 232 nobis,
252 193 345 237 quod
374 191 501 226 resistat
524 193 633 224 bonae
659 190 840 231 voluntati,
874 190 996 223 auxilio
1021 190 1088 223 Dei
1112 204 1174 235 per
1205 190 1210 199 ¹

45 254 155 286 honos
179 254 332 287 homines
356 264 390 286 et
412 255 519 286 bonos
543 253 678 294 angelos
702 252 906 294 indigemus,
928 262 966 285 ut
990 252 1100 285 donec
1122 266 1174 285 sa-

45 325 142 347 netur
166 316 284 348 vulnus
309 324 470 355 nostrum,
494 326 561 346 non
585 314 628 346 ita
651 313 818 353 molestet,
842 322 880 345 ut
903 313 1047 358 perimat
1070 314 1172 348 etiam

43 375 167 407 bonam
193 376 436 411 voluntatem‚«
483 378 595 419 Atque
629 374 709 407 haec
740 384 808 406 tam
841 374 963 408 diserte
989 377 1079 420 apud
1105 378 1172 409 Au-

44 437 208 478 gustinum
236 449 386 482 expressa
416 449 475 469 cur
504 436 537 469 in
570 434 718 478 Origene
742 435 977 477 Pelagianismi
999 437 1172 471 insimula-

43 498 126 531 verit
150 498 340 537 Jansenius,
375 505 426 530 tot
449 509 552 529 annos
576 496 610 529 in
635 495 811 538 Augustini
835 497 980 530 lectione
1004 507 1172 539 tractatus,

42 559 164 592 mirum
189 572 265 592 sane
291 567 348 591 est.

133 621 221 653 vul.
266 621 364 653 Nunc
398 633 477 653 vero
509 629 650 665 propter
679 629 820 653 assertos
842 620 982 653 affectus
1005 621 1115 654 bonos
1139 630 1173 655 et

43 682 149 715 malos
172 695 210 715 ex
235 694 331 714 carne
354 681 550 714 naturaliter
571 683 797 727 prodeuntes,
827 680 944 727 jurene
977 681 1105 715 venerit
1137 682 1171 715 in

45 743 170 776 crimen
195 742 366 785 Origenes,
390 743 612 789 anquiramus.
659 745 708 777 Ac
740 744 782 777 de
805 742 902 776 malis
928 743 1064 788 quidem
1092 756 1172 776 con-

44 803 203 837 troversia
225 804 317 836 nulla
342 813 407 846 est3
443 805 484 837 de
514 805 612 837 bonis
636 813 766 837 tantum
791 805 1016 838 contenditur.
1065 805 1170 849 Quod

43 875 216 911 antequam
250 865 420 910 disputare
460 866 647 907 ordiamur,
685 866 866 899 dicendum
897 875 946 899 est
976 867 1170 900 Jansenium

40 939 108 959 non
132 928 197 960 hoc
220 927 331 960 solum
356 927 446 967 loco,
472 941 572 972 quem
597 919 759 969 diximus,
781 928 841 961 sed
864 928 1045 970 signantius
1069 928 1169 961 etiam

41 987 137 1020 Tom.
164 990 189 1022 l.
214 978 289 1022 libr.
314 988 344 1022 6.
371 1001 443 1033 cap.
470 989 520 1023 14.
546 989 612 1021 vim
636 988 747 1030 illam,
777 988 864 1029 sive,
896 998 934 1022 ut
962 991 1034 1034 ipse
1059 989 1171 1035 loqui-

39 1058 111 1089 tur,
141 1050 376 1083 sufficientiam
409 1050 491 1092 legis
519 1052 676 1083 naturalis
700 1051 914 1096 impugnare;
945 1066 1045 1097 quam
1069 1061 1107 1085 ut
1130 1053 1170 1084 ab

41 1111 185 1154 Origene
212 1112 371 1144 creditam
397 1121 431 1144 et
454 1112 624 1144 defensam
651 1113 752 1145 tuisse
777 1113 896 1146 clarius
919 1114 1059 1158 probet,
1089 1114 1170 1146 haec

41 1173 111 1218 ejus
143 1175 243 1206 verba
273 1173 389 1206 recitat
421 1185 438 1205 e
472 1173 549 1206 libr.
571 1174 612 1207 ll.
648 1173 682 1206 in
715 1173 808 1218 epist.
834 1174 875 1206 ad
900 1174 1000 1207 Rom.
1023 1188 1117 1211 num.
1139 1175 1170 1209 7.

43 1235 186 1268 »Potest
210 1235 293 1275 fieri,
317 1244 355 1267 ut
378 1233 432 1267 vel
457 1247 495 1266 ex
517 1234 578 1275 his,
602 1235 715 1280 qui·in
739 1235 812 1277 lege
838 1244 926 1275 sunt,
949 1234 977 1268 si
1002 1236 1075 1280 quis
1095 1250 1172 1281 per-

41 1297 195 1330 suasione
220 1297 356 1342 quidem
380 1295 608 1329 communitus
623 1296 653 1341 ¹)
685 1297 817 1330 Christo
842 1310 913 1329 non
938 1297 1062 1338 credit,
1088 1310 1170 1342 ope-

41 1368 134 1391 retur
156 1367 267 1392 tamen
291 1358 384 1404 quod
407 1358 535 1390 bonum
561 1367 619 1398 est,
642 1356 802 1403 justitiam
825 1366 955 1399 teneat,
978 1357 1170 1391 misericor-

42 1419 130 1452 diam
155 1420 280 1462 diligat,
305 1418 490 1451 castitatem
515 1428 548 1451 et
572 1418 811 1452 continentiam
824 1428 946 1460 servet,
969 1419 1170 1453 modestiam

41 1481 278 1527 lenitatemque
303 1480 486 1520 custodiat,
519 1489 619 1526 atque
652 1494 752 1513 omne
777 1481 908 1526 opus²)
933 1482 1061 1514 bonum
1087 1495 1170 1527 ope-

39 1552 149 1585 retur-3
172 1543 227 1576 hic
251 1543 351 1576 etiam
375 1542 402 1575 si
427 1541 529 1575 vitam
553 1555 621 1575 non
645 1542 746 1575 habet
769 1553 956 1583 aeternam,
993 1542 1070 1587 quia
1099 1556 1170 1576 cre-

40 1605 120 1638 dens
143 1604 209 1638 soli
231 1617 312 1637 vero
336 1604 425 1644 Deo,
447 1617 516 1636 non
542 1603 683 1637 credidit
707 1613 741 1637 et
763 1603 854 1637 Filio
880 1603 949 1649 ejus
971 1603 1053 1638 Jesu
1074 1604 1171 1638 Chri-

40 1675 107 1707 sto,
141 1679 239 1712 quem
263 1666 371 1708 misit;
400 1674 512 1698 tamen
536 1665 644 1707 gloria
667 1678 810 1709 operum
836 1664 923 1711 ejus,
961 1674 994 1698 et
1023 1679 1103 1710 pax,
1136 1676 1170 1700 et

39 1728 148 1761 honor
169 1727 298 1773 poterit
319 1740 388 1760 non
412 1727 554 1771 perire.«
585 1727 696 1770 Atque
715 1739 752 1759 ea
775 1739 852 1759 sane
874 1727 1028 1771 nuspiam
1044 1729 1087 1760 ad
1112 1741 1170 1761 eos

42 1790 246 1829 referuntur,
280 1788 337 1833 qui
361 1797 437 1820 sunt
467 1788 528 1820 sub
558 1787 632 1829 lege
662 1796 818 1827 naturae,
854 1789 912 1820 sed
945 1789 987 1821 ad
1009 1789 1169 1829 Judaeos,

44 1850 99 1894 qui
123 1852 320 1893 regebantur
343 1849 501 1885 Mosaieis
534 1837 682 1890 legibus,
716 1861 734 1881 a
759 1848 878 1893 quibus
902 1850 1170 1883 absterrebantur

45 1924 62 1943 a
88 1911 192 1953 vitiis,
224 1913 266 1945 ad
299 1912 455 1944 virtutem
488 1911 760 1943 incendebantur.
814 1911 996 1955 Sequentia
1024 1924 1103 1944 vero
1129 1912 1171 1944 ad

41 1973 201 2006 Ethnicos
225 1983 360 2006 naturae
383 1975 495 2006 solum
519 1974 625 2015 legem
651 1981 817 2004 servantes
848 1972 1032 2017 pertinent:
1076 1974 1171 2007 »Sed

45 2044 75 2066 et
103 2035 262 2075 Graecus,
286 2035 320 2067 id
344 2045 393 2067 est
417 2034 570 2074 Gentilis,
595 2034 697 2079 qui³)
725 2047 801 2066 cum
826 2033 935 2075 legem
955 2047 1023 2067 non
1038 2034 1169 2076 habeat,

137 2168 168 2211 ¹)
193 2166 256 2200 Ed.
285 2167 405 2200 Ruaei:
433 2166 632 2200 »communi
656 2167 827 2201 Christo.«

138 2223 172 2267 ²)
196 2223 302 2256 Deest
329 2238 345 2252 υ
357 2237 468 2268 opus«
495 2223 529 2256 in
554 2224 629 2256 edd.
654 2223 696 2256 H.

139 2279 173 2322 ³)
198 2279 260 2313 Ed.
288 2280 414 2313 Ruaci:
441 2281 493 2313 nsi
518 2292 594 2312 cum
619 2279 752 2322 legem«
780 2290 842 2313 etc.
