1403 2492
364 60 675 92 Onicssmxonum
706 59 818 91 Lmen
844 60 877 91 Η
1127 57 1195 93 327

56 160 138 190 pro:
166 147 337 180 »haeresin
354 147 599 192 disputatione)
616 147 753 189 signavi,
778 157 814 180 ut
832 148 990 192 decipere
1007 160 1075 179 nou
1093 160 1190 190 prae-

57 208 182 248 valeat,
221 209 280 252 qui
310 209 370 241 tali
401 209 496 250 signo
531 209 564 241 in
595 210 705 252 pravis
737 211 888 242 sensibus
920 209 1087 242 cavendus
1117 221 1188 241 esse

55 279 270 302 monstratur.
330 269 541 302 Posteriores
572 280 683 302 autem
716 271 749 303 in
781 281 855 304 toto
889 272 1004 304 dicunt
1036 282 1105 302 esse
1137 270 1188 301 su-

53 330 232 372 giendum,
265 341 448 376 propterea
486 332 563 376 quia
598 333 768 365 subtiliter
799 333 927 377 decipit
957 333 1186 365 innocentes.«

51 393 127 425 Jam
151 402 246 425 antea
270 406 351 425 vero
378 392 570 426 Concilium
603 394 814 435 Romanum,
846 396 939 440 quod
963 395 1025 427 snb
1050 392 1187 426 Gelasio

55 454 260 487 celebratum
286 463 354 497 est,
388 454 433 487 ita
459 455 500 487 de
525 468 563 487 ea
586 469 621 488 re
646 457 858 489 decreverat:
902 455 1078 498 »Origenis
1102 467 1187 487 non-

53 516 145 548 nulla
171 516 354 560 opuscula,
395 529 480 561 quae
511 517 563 549 vir
593 518 710 551 beatus
734 519 962 564 Hieronymus
992 530 1060 550 non
1086 529 1187 560 repu-

52 577 132 617 diat,
156 578 296 619 legenda
320 579 537 622 suscipimus,
573 580 703 624 reliqua
733 589 844 612 autem
877 579 991 612 omnia
1025 591 1103 612 cum
1130 590 1188 610 au-

52 651 146 673 ctore
169 653 230 673 suo
257 640 399 673 dicimus
427 653 496 672 esse
517 643 720 675 renuenda.«
759 641 979 685 Quapropter
995 649 1086 672 recte
1106 638 1188 671 scri·

51 703 155 747 psisse
181 702 316 734 videtur
338 702 494 735 Socrates
520 704 595 736 libr.
621 703 679 736 Vl.
712 717 785 748 cap.
810 703 883 743 13.,
907 702 1042 735 nobiles
1067 700 1187 742 Orige-

52 765 103 797 nis
119 764 336 803 adversarios,
360 765 590 805 Methodium‚
615 765 839 805 Eustathium‚
864 763 1128 809 Apollinarium,
1153 770 1187 793 et

52 826 302 871 Theophilum,
327 838 344 858 a
370 826 491 870 quibus
514 827 629 859 multis
653 827 713 859 ille
739 826 935 859 criminibus
960 825 1185 869 compellatus

52 898 112 928 est,
135 888 213 921 satis
239 887 423 920 ostendisse
448 888 585 932 probari
610 889 693 928 sibi,
721 902 940 933 quaecunque
971 887 1110 920 minime
1135 898 1187 917 re-

50 950 318 995 prehendissent.
367 940 471 992 Quod
504 963 580 982 cum
613 950 659 983 ita
691 951 753 988 sit,
792 964 862 983 non
893 949 998 982 cuivis
1029 959 1142 982 tamen
1167 960 1185 979 e

50 1012 151 1054 vulgo
184 1011 469 1051 Christianorum,
509 1014 568 1045 sed
604 1012 643 1044 iis
674 1013 788 1045 solum
817 1012 1085 1056 permittendum
1114 1021 1184 1041 esse

52 1074 332 1116 origenianarum
355 1073 575 1118 scriptionum
601 1087 697 1106 usum
725 1086 858 1113 censeo,
883 1086 1029 1117 quorum
1047 1083 1186 1117 perspe-

52 1146 103 1169 cta
127 1136 170 1168 sit
193 1135 289 1177 fides,
313 1145 346 1168 et
371 1136 537 1168 diuturnis
563 1135 799 1181 experimentis
824 1137 968 1180 probata
988 1132 1184 1168 constantia.

50 1199 122 1230 Hos
146 1207 260 1230 autem
291 1198 454 1241 probatos
487 1197 578 1230 effici
607 1197 785 1242 trapezitas
817 1197 939 1238 velim,
976 1194 1185 1229 adulterinos

49 1259 224 1292 doctrinae
246 1271 405 1292 nummos
429 1272 446 1292 a
472 1259 630 1301 legitimis
656 1269 751 1292 caute
775 1272 939 1304 seponere
963 1258 1117 1291 scientes.

141 1321 235 1354 XIX.
283 1322 438 1354 Diximus
465 1323 506 1354 de
533 1322 645 1362 libris;
671 1323 713 1354 de
738 1322 813 1366 ipso
833 1321 980 1363 Origene
1005 1319 1087 1365 quid
1111 1331 1185 1351 sen-

50 1385 204 1417 tiendum
233 1383 296 1427 sit,
339 1384 566 1428 exploremus.
622 1384 694 1417 Etsi
724 1383 891 1425 geminam
921 1383 1079 1415 adversus
1107 1393 1184 1413 eum

50 1446 254 1479 conflaverat
283 1446 452 1491 synodum
482 1446 680 1478 Demetrius
717 1445 963 1479 Alexandrinus
993 1444 1184 1489 episcopus,

50 1522 68 1541 a
92 1507 214 1553 quibus
238 1507 420 1540 sacerdotii
443 1507 574 1540 honore
599 1517 734 1548 exutus,
766 1509 807 1540 ab
839 1507 1001 1540 ecclesiae
1033 1517 1185 1538 commu-

48 1569 151 1602 nione
174 1569 384 1614 prohibitus,
415 1579 449 1602 et
480 1570 683 1602 Alexandria
713 1570 830 1614 pulsus
856 1579 922 1610 est,
954 1567 1185 1602 consentiente

50 1631 84 1663 in
108 1631 142 1664 id
168 1632 343 1664 decretum
367 1640 444 1663 toto
469 1633 723 1675 propemodum
749 1633 849 1665 orbe:
881 1644 952 1664 non
972 1639 1049 1663 ante
1072 1638 1184 1661 tamen

50 1692 219 1726 Haeretici
244 1702 325 1725 nota
349 1692 471 1724 iterum
496 1692 560 1736 ipsi
584 1692 671 1725 inuri
694 1703 814 1738 coepta
837 1702 897 1733 est,
922 1705 1022 1737 quam
1036 1689 1186 1735 Epipha-

51 1754 126 1787 nius
150 1767 227 1786 cum
251 1755 384 1787 Joanne
420 1754 752 1800 Hierosolymitano,
783 1754 995 1799 Theophilus
1025 1765 1102 1785 cum
1124 1749 1185 1784 Ni-

51 1815 231 1849 triensibus
253 1816 447 1857 monachis,
483 1816 710 1861 Hieronymus
743 1830 817 1849 cum
850 1816 974 1849 Rufino
1005 1804 1185 1847 altercatus

52 1887 110 1910 est.
157 1879 243 1911 Nam
273 1888 454 1923 postquam
483 1880 649 1926 synodum
686 1878 904 1911 Alexandriae
937 1875 1048 1918 coligit
1071 1874 1184 1907 Theo-

54 1939 176 1983 philus,
199 1949 232 1972 et
256 1940 413 1982 Origenis
437 1941 598 1974 colubros
615 1941 819 1983 Evangelico
844 1953 921 1973 ense
947 1936 1122 1976 truncavit,
1146 1945 1184 1968 ut

52 2001 124 2045 ipse
148 2000 212 2041 ait,
244 2002 474 2047 Epiphanium
504 2003 634 2044 rogavit
658 2016 720 2048 per
743 2002 934 2047 epistolam,
957 2010 995 2033 ut
1017 1999 1184 2046 synodum

55 2062 125 2106 ipse
151 2073 378 2106 congregaret,
401 2065 666 2109 perficeretque,
699 2075 736 2098 ut
763 2064 950 2106 »Origenes
973 2059 1184 2097 nominatim.

55 2133 87 2156 et
104 2124 231 2157 nefaria
247 2125 393 2158 haeresis
417 2127 716 2168 condemnaretur;
727 2141 743 2155 «
771 2125 863 2171 cujus
878 2124 1020 2158 consilio
1036 2122 1185 2167 Epipha-

55 2186 129 2219 nius
154 2186 290 2220 demum
315 2188 493 2221 obsecutus
519 2198 576 2221 est.
634 2189 750 2221 Refert
783 2189 1009 2234 Hieronymus
1040 2185 1115 2218 libr.
1142 2184 1183 2217 ll.

31 2252 33 2255 '
55 2247 207 2292 Apolog.
231 2249 359 2282 advers.
384 2250 495 2284 Rufin.
520 2264 594 2296 cap.
617 2250 661 2291 6.,
686 2261 720 2284 et
743 2251 776 2284 iu
802 2251 898 2296 epist.
927 2251 967 2283 ad
991 2246 1183 2282 Pammach.
