1403 2492
149 54 196 92 48
486 54 602 89 Pam
625 51 800 89 Dameus
827 54 957 88 lluern

151 160 189 180 ox
214 146 432 192 sequentibus
457 145 719 190 explicationem
747 159 838 179 suam
865 145 1104 177 labefactatum
1129 143 1180 177 iri.
1227 143 1295 179 Ta·

153 210 198 243 lia
222 211 304 241 llaec
329 215 426 240 sunt:
456 207 641 253 »Alioquin
667 222 728 241 nec
754 208 853 252 culpa
879 207 909 239 oi
925 207 977 251 ¹),
1001 219 1064 240 nec
1090 206 1192 239 virtus
1216 219 1296 251 pos-

153 280 203 304 set
228 269 391 310 adscribi3
423 282 485 302 nec
515 270 598 303 boni
631 270 753 303 electio
786 269 994 315 praemium,
1024 281 1087 301 nec
1112 267 1296 300 declinatio

152 332 235 366 mali
266 330 472 377 supplicium
506 342 712 365 mereretur:
746 332 805 364 sed
836 341 990 364 servatur
1019 330 1050 364 ei
1080 331 1114 364 in
1141 331 1299 363 omnibus

154 396 292 428 libertas
316 393 416 439 sui²)
441 392 583 432 arbitrii,
607 403 646 426 ut
671 394 703 426 in
730 393 958 438 quodcunque
984 393 1132 426 voluerit
1145 393 1215 438 ipsa
1241 392 1301 425 de-

156 457 280 496 clinet,
304 455 391 488 sicut
421 454 586 499 scriptum
623 465 687 488 est:
723 455 924 499 ‚‚„Ecce‚³)
951 455 1050 500 posui
1076 464 1152 488 ante
1176 454 1298 487 faciem

155 529 250 552 tuam
274 517 378 550 vitam
411 526 443 549 et
467 526 631 556 mortem,
657 526 690 549 et
714 516 824 559 ignem
858 526 890 550 et
922 530 1050 562 aquam.
1066 533 1112 548 u«
1161 518 1246 550 Nam
1271 516 1300 549 si

155 581 351 614 alterutram
378 579 502 621 eligere
527 588 640 623 potest
664 589 795 623 partem
821 579 952 620 anima,
979 579 1089 612 neutri
1116 588 1206 611 certe
1231 578 1301 611 ulla

154 641 355 675 necessitate
379 640 557 673 addicitur.
606 641 850 686 Responsionis
874 654 953 674 suae
980 641 1243 680 confirmandae,
1267 649 1301 672 et

157 704 381 746 origenianae
412 702 598 735 sententiae
629 703 779 747 apertius
813 703 913 736 etiam
939 703 1159 736 declarandae
1184 701 1301 744 gratia,

155 766 288 810 aliquot
318 764 412 797 addit
443 764 601 797 Petavius
634 764 704 809 ejus
735 764 929 798 testimonia
963 778 1001 798 ex
1034 765 1137 799 Hom.
1163 765 1241 798 XX.
1266 763 1301 797 in

154 829 269 868 Num,
294 827 415 872 quibus
441 836 584 859 vocante
609 826 700 867 licet,
726 837 759 860 et
781 827 978 872 pelliciente
1003 826 1167 860 interiore
1187 826 1303 869 gratia,

155 891 286 923 nullam
318 888 416 921 nobis
451 888 583 932 imponi
607 888 862 929 necessitatem,
886 889 945 922 sed
969 889 1004 921 in
1031 887 1198 921 contraria
1221 887 1303 920 ferri

157 952 369 984 voluntatem
404 963 504 996 posse
535 951 753 995 perspicuum
783 952 841 984 sit:
875 951 970 984 addit
1006 960 1039 984 et
1063 950 1156 982 aliud
1181 963 1199 982 e
1223 948 1302 981 libr.

157 1014 215 1047 Vl.
240 1013 274 1045 in
301 1012 397 1057 epist.
423 1012 465 1044 ad
489 1013 592 1047 Rom.
638 1012 772 1056 Quibus
803 1022 988 1046 attexemus
1014 1022 1047 1045 et
1070 1012 1157 1044 illud
1183 1024 1200 1043 e
1226 1010 1302 1043 libr.

156 1075 216 1108 lll.
244 1077 328 1119 περὶ
353 1073 494 1119 ἀρχῶν,
528 1088 599 1118 cap.
625 1074 655 1109 3.
688 1089 780 1112 num,
804 1075 836 1109 4.
900 1075 1011 1108 »Boni
1047 1087 1128 1107 vero
1165 1072 1302 1118 spiritus

157 1136 328 1182 recipit⁴)
355 1136 428 1181 quis
454 1136 641 1179 energiam,
673 1137 705 1169 id
732 1147 779 1169 est
804 1137 1102 1182 inoperationem,
1129 1148 1206 1168 eum
1229 1147 1305 1166 mo-

159 1199 303 1242 vetur-⁵)
330 1208 363 1231 et
386 1209 598 1243 provocatur
622 1199 662 1231 ad
687 1200 788 1239 bona,
815 1209 848 1232 et
872 1199 1055 1244 inspiratur
1079 1198 1121 1230 ad
1143 1196 1304 1229 coelestia

157 1263 213 1294 vel
239 1261 369 1293 divina:
395 1260 481 1293 sicut
505 1261 611 1293 sancti
636 1261 757 1303 angeli,
782 1271 816 1293 et
840 1261 912 1306 ipse
937 1263 1033 1295 Deus
1061 1259 1304 1305 inoperatus⁶)

159 1332 207 1355 est
233 1323 266 1354 in
290 1322 486 1367 prophetis,
511 1323 779 1364 suggestionibus
803 1323 924 1356 sanctis
947 1324 988 1355 ad
1013 1322 1157 1355 meliora
1180 1333 1307 1366 provo-

160 1397 236 1417 cans
263 1393 296 1416 et
321 1384 519 1425 cohortans3
550 1385 595 1418 ita
627 1398 704 1416 sane
730 1394 767 1417 ut
792 1393 945 1417 maneret
969 1384 1003 1416 in
1029 1383 1170 1416 arbitrio
1195 1382 1307 1415 homi-

160 1447 210 1479 nis
236 1459 273 1479 nc
298 1445 438 1491 judicio,
464 1446 490 1478 si
514 1446 610 1492 sequi
636 1446 729 1487 velit,
754 1456 811 1479 aut
834 1446 932 1487 nolit,
958 1446 1000 1478 ad
1018 1445 1179 1478 eoelestia
1201 1455 1235 1477 et
1252 1445 1305 1477 di-

159 1508 236 1541 vina
268 1517 553 1552 provocantem.«
611 1508 681 1541 Sed
715 1509 797 1553 quid
828 1508 878 1540 his
909 1507 1110 1549 colligendis
1143 1506 1306 1539 immora-

159 1584 256 1610 mur,
281 1583 357 1602 cum
383 1570 481 1615 plura
507 1570 609 1602 etiam
634 1570 839 1612 congesserit
861 1570 1039 1603 Jansenius
1063 1561 1163 1603 Toni.
1189 1569 1220 1604 1.
1246 1569 1305 1602 lib.

159 1633 218 1666 Vl.
246 1645 318 1677 cap.
346 1631 418 1672 13„
449 1641 487 1664 ut
512 1633 706 1665 ostenderet
738 1632 772 1665 in
796 1632 1029 1665 indifferentia
1052 1633 1094 1665 ad
1119 1633 1248 1664 bonum
1274 1640 1307 1664 et

158 1694 305 1734 malum,
347 1694 428 1726 citra
453 1694 558 1726 ullam
583 1695 838 1734 necessitatem,
873 1694 971 1727 liberi
997 1681 1306 1728 arbitrisnaturam

160 1757 203 1788 ab
229 1756 376 1799 Origene
402 1755 504 1788 fuisse
531 1755 714 1789 collatam?
749 1756 1008 1797 ›2Gravissime,«
1035 1755 1155 1801 inquit,
1183 1754 1305 1787 »fuisse

159 1819 383 1863 reprehensos
423 1818 464 1850 ab
502 1818 692 1860 Augustino
724 1817 923 1860 Pelagianos
956 1828 1099 1864 propter
1128 1817 1223 1851 illam
1254 1816 1306 1849 in·—

257 1971 289 2014 ¹)
314 1969 401 2002 Edd.
428 1969 562 2003 Huetii:
593 1969 701 2014 »ejus
717 1985 734 2000 «

251 2025 287 2068 2)
312 2025 418 2058 Deest
445 2025 550 2058 »sui«
578 2025 612 2058 in
640 2028 715 2059 edd.
741 2026 784 2059 H.

253 2081 287 2125 ³)
315 2081 383 2114 Cfr.
409 2082 489 2126 Sap.
515 2081 619 2115 Sirac.
644 2083 720 2122 XV,
747 2082 799 2117 16.
828 2083 880 2118 17.
906 2082 1169 2128 (Ecclesiastic.)

252 2138 286 2181 ⁴)
313 2137 401 2171 Edd.
426 2138 558 2171 Huetii:
588 2139 765 2183 »recipit«
797 2138 943 2184 (anima)
972 2139 1205 2182 »enen-gian1.«

253 2193 287 2237 ⁵)
312 2194 419 2226 Deest
446 2204 658 2227 »movetur«
689 2195 721 2227 in
748 2196 823 2228 edd.
850 2196 891 2228 ll.

253 2249 288 2295 ⁶)
315 2250 401 2283 Edd.
427 2250 561 2284 Iluetii:
589 2261 773 2296 »opt-ratus
799 2261 886 2285 est«
