1403 2492
186 86 253 123 236
525 87 637 120 Pin-m
661 87 834 120 DANnms
859 86 992 121 Hussru

188 177 331 223 impium
346 176 379 221 ¹)
406 184 455 208 est
478 175 580 209 simul
605 185 638 210 et
661 177 855 217 absurdum,
881 177 934 210 vel
955 185 1084 222 putare,
1110 176 1203 221 quod
1225 175 1323 210 boui-

187 248 235 272 tas
260 237 441 283 aliquando
471 238 557 270 bene
572 236 606 282 ²)
640 251 709 270 non
741 238 878 278 fecerit,
917 248 950 271 et
981 237 1229 283 omnipotentia
1262 237 1324 271 ati-

189 300 324 345 quando
350 312 419 332 non
444 299 548 342 egerit
572 308 818 343 potentatum«
870 302 981 345 Atque
1005 300 1042 333 id
1067 300 1205 333 demum
1227 311 1324 344 prae-

188 361 277 394 clare
301 361 433 394 solvere
457 373 492 394 se
516 370 613 406 putat
636 360 696 393 hac
719 360 959 405 responsione:
988 362 1078 394 »Nos
1102 373 1182 394 vero
1209 372 1324 393 eonse-

188 432 330 468 quenter
360 422 641 467 respondebimus
674 422 889 456 observantes
920 422 1069 465 regulam
1099 420 1252 467 pietatis,
1291 428 1325 453 et

188 485 351 524 dicentes,
376 484 537 529 quoniam
561 497 630 516 non
649 484 734 517 'tunc
758 485 919 529 primum,
947 498 1022 518 cum
1040 483 1206 517 visibilem
1222 482 1324 516 istum

187 547 352 579 mundum
377 545 458 578 fecit
481 546 586 586 Deus,
611 546 763 591 coeperit
789 547 942 591 operari;
965 532 1023 580 seii
1041 546 1128 580 sicut
1148 554 1226 590 post
1250 556 1326 577 cor-

186 607 382 652 ruptionem
407 607 505 653 hujus
531 607 594 640 erit
617 607 701 640 alius
732 609 896 648 mundus,
928 608 972 641 ita
1003 617 1037 641 et
1067 617 1246 652 antequam
1269 604 1324 638 hic

187 678 296 709 esset,
330 668 433 702 fuisse
466 669 551 702 aiios
583 669 780 702 eredimus.«
841 670 978 715 Duplex
1010 670 1061 703 his
1085 667 1323 703 consu-mandis

186 731 325 764 adhibet
348 731 544 776 Scripturae
569 731 818 772 testimonium,
851 732 995 765 alterum
1027 745 1066 765 ex
1091 731 1195 765 Isaiae
1218 729 1323 769 LXV,

187 793 251 833 17.,
277 802 309 826 et
336 793 457 833 LXVI,
481 793 545 833 22,
570 793 629 826 ubi
655 793 790 826 coelum
814 806 959 834 novum,
993 803 1025 826 et
1049 802 1172 826 terram
1197 804 1322 825 novam

186 864 376 888 creaturum
399 867 434 888 se
459 854 625 899 praedicit
649 856 759 888 Deus:
785 855 929 888 alterum
955 868 993 888 cx
1017 855 1146 888 Eccles.
1164 855 1190 895 I,
1207 854 1238 889 9.
1258 853 1322 893 1Ο.,
1369 885 1373 889 .

186 917 280 962 quod
305 926 354 950 est
377 915 590 962 hujusmodi:
617 916 755 960 »»Quid
779 926 829 949 est
854 918 946 962 quod
972 916 1058 951 fuit?
1089 918 1204 962 Ipsum
1229 915 1323 961 quod

185 979 338 1011 futurum
364 987 422 1011 est.
471 976 566 1021 Quid
597 988 645 1011 est
675 979 768 1023 quod
800 980 925 1012 factum
961 978 1037 1012 est?
1074 978 1188 1023 Ipsum
1228 977 1323 1023 quod

184 1040 377 1073 faciendum
402 1049 460 1072 est.
509 1039 601 1073 Nihil
634 1041 695 1073 sub
728 1042 801 1073 sole
833 1052 981 1084 novum3
1016 1053 1079 1074 nec
1111 1041 1199 1074 valet
1233 1039 1323 1085 quis-

186 1115 287 1147 quam
313 1102 443 1134 dicere:
475 1100 564 1133 Ecee
590 1101 655 1133 boc
679 1114 797 1135 recens
822 1112 891 1143 est;
925 1101 990 1146 jam
1021 1101 1110 1135 enim
1140 1101 1324 1146 praecessit

185 1164 221 1196 in
244 1162 397 1203 saeculis,
423 1175 507 1207 quae
529 1162 666 1195 suerunt
690 1172 767 1196 ante
785 1175 907 1197 Dosa«
949 1164 1098 1197 Mundos
1113 1173 1224 1196 autem
1241 1163 1323 1196 istos

184 1238 256 1259 non
279 1225 395 1270 plures
418 1224 520 1257 simul
545 1237 625 1265 esse,
650 1225 709 1258 sed
733 1235 901 1270 perpetua
920 1224 1007 1258 serie
1030 1225 1095 1258 sibi
1109 1238 1323 1259 successuros

186 1287 261 1320 fore
287 1295 409 1322 censet.
456 1287 569 1330 Atque
593 1287 675 1319 haec
699 1286 771 1331 ipsa
793 1286 1066 1332 reprehensionis
1097 1299 1211 1320 caussa
1235 1286 1322 1320 indi-

186 1349 265 1382 dem
301 1347 470 1380 transtulit
506 1347 736 1395 Hieronymus
771 1348 804 1381 in
845 1348 1023 1393 epistolam
1054 1349 1110 1385 59.
1147 1349 1190 1381 ad
1231 1347 1322 1382 Avit.

186 1424 258 1456 cap.
284 1410 315 1446 3.
362 1409 492 1443 Eadem
523 1422 628 1454 porro
662 1420 710 1443 est
737 1410 933 1453 Origeniani
963 1410 1060 1455 hujus
1096 1410 1164 1444 loci
1187 1410 1323 1443 ratioci-

185 1472 290 1512 natio,
315 1484 398 1517 quae
425 1470 504 1504 libri
531 1471 559 1506 1.
597 1475 681 1517 περὶ
715 1472 853 1517 ἀρχῶν,
887 1485 958 1517 cap.
984 1472 1015 1506 2.
1049 1485 1140 1505 num.
1167 1472 1240 1513 10.,
1262 1472 1322 1505 ubi

185 1535 231 1568 ait
262 1533 534 1578 omnipotentem
566 1533 680 1566 Deum
721 1546 807 1573 esse,
846 1534 910 1566 hoc
950 1542 998 1566 est
1034 1532 1323 1581 παντοκρεέτορα,

185 1606 348 1642 quatenus
375 1594 486 1638 aliqua
510 1595 628 1635 babet,
659 1595 692 1628 in
726 1608 810 1640 quae
835 1595 1025 1640 potentiam
1049 1608 1143 1628 suam
1167 1608 1322 1629 exercere

186 1659 312 1704 possit:
342 1666 395 1690 »et
419 1656 510 1696 ideo,
535 1666 572 1689 ut
597 1653 814 1702 oninipotens
840 1658 1038 1690 ostendatur
1059 1658 1173 1698 Deus,
1208 1658 1322 1691 omnia

186 1720 367 1755 subsistere
407 1731 543 1751 necesse
586 1731 704 1751 esset«
747 1719 839 1764 quod
869 1720 897 1752 si
928 1718 1002 1763 quis
1033 1718 1214 1764 aliquando
1253 1733 1322 1753 non

188 1783 288 1816 fuisse
315 1781 396 1814 velit
421 1793 478 1821 ea,
508 1794 592 1825 quae
623 1780 902 1826 deinceps'facta
921 1790 1014 1821 sunt,
1045 1780 1124 1813 huic
1147 1781 1322 1815 fatendum

189 1858 260 1878 esse
299 1843 487 1877 necessario
525 1830 794 1887 omnipotentem
832 1852 913 1875 tunc
949 1855 1017 1874 non
1054 1842 1158 1875 fuisse
1197 1844 1322 1884 Deum,

189 1906 469 1951 omnipotentiam
495 1918 573 1937 vero
600 1905 721 1938 deinde
746 1904 932 1949 accepisse,
956 1917 1031 1937 cum
1057 1905 1183 1939 habere
1208 1906 1323 1951 coepit

189 1981 274 2014 quae
298 1967 452 2013 potentia
475 1980 534 1999 sua
559 1969 769 2009 gubernaret.
821 1966 947 2010 »Quod
983 1966 1011 1999 si
1042 1967 1213 2012 sactum³)
1238 1980 1322 2000 nun—

190 2044 290 2076 quam
316 2040 383 2070 est,
408 2029 537 2074 inquit,
562 2030 696 2074 quando
722 2042 791 2061 nou
816 2028 1031 2074 omnipotens
1055 2029 1176 2071 suerit,
1208 2042 1322 2064 neces-

286 2170 316 2212 ¹)
345 2169 432 2201 Edd.
457 2169 592 2202 Huctii:
618 2168 766 2202 otiosum
792 2178 841 2202 est
866 2179 929 2202 etc.

283 2226 316 2268 2)
342 2225 448 2257 Deest
475 2226 600 2258 »bene«
628 2225 660 2258 in
687 2226 762 2259 cdd.
783 2226 824 2259 H.

284 2282 318 2326 ³)
344 2282 448 2315 Deest
477 2283 640 2315 »sactum«
670 2283 702 2315 in
729 2283 779 2315 cd.
806 2283 920 2316 Ruaei.
