1403 2492
163 26 205 60 14
485 25 599 58 Pss‘rm
623 25 797 60 Danu-:us
823 27 954 60 Hunni

162 126 214 149 rat
238 125 271 148 et
294 114 506 160 Theophilus
532 116 790 157 Alexandrinus,
815 127 847 150 et
874 117 1103 164 Hieronymus
1128 118 1226 163 epist.
1248 118 1302 153 59.

164 179 205 211 ad
231 178 321 213 Avit.
347 191 418 222 cap.
445 177 474 211 1.
501 187 533 211 et
557 177 605 218 2.‚
631 187 664 211 et
689 179 783 223 epist.
810 179 864 213 61.
892 180 933 212 ad
958 180 1151 213 Pammacli.
1177 193 1249 225 cap.
1267 180 1300 218 3,

164 250 197 272 et
223 240 253 274 5.
280 249 312 272 et
337 238 386 278 6.,
411 249 445 272 et
469 239 566 285 epist.
592 240 645 275 65.
671 241 711 273 :nl
737 241 948 280 Painniacli.,
973 251 1006 274 et
1031 242 1156 276 Ocean.
1183 255 1254 287 cap.
1272 242 1303 276 2·

165 312 199 335 et
229 302 304 336 libr.
329 302 362 335 5.
394 301 589 335 Comment.
622 303 654 335 in
686 303 814 336 Jerem.
839 318 912 348 cap.
937 304 1010 343 '2—1.,
1044 314 1077 336 et
1101 304 1135 337 in
1160 305 1303 349 epistola

165 365 207 397 ad
233 363 490 397 Demetriadem
525 376 595 409 cap.
622 363 672 403 9.,
705 364 762 397 ubi
795 365 981 398 animarum
1014 363 1244 412 npo'b'napffw
1270 367 1303 399 in

165 428 321 472 Aegypto
347 435 379 458 et
405 425 555 460 Orientis
580 426 730 474 partibus
757 427 840 460 olim
865 437 1054 470 grassatam,
1081 428 1148 461 suis
1172 437 1306 474 tempo-

164 488 258 521 ribus
285 488 502 521 »abscondite
528 487 620 532 quasi
652 488 685 520 in
711 490 819 522 foveis
845 491 1033 534 viperarum
1060 491 1150 534 apud
1175 491 1307 535 pleros-

165 563 230 596 que
246 550 387 583 versari«
408 550 570 595 queritur,
598 549 820 596 »illarumque
837 551 986 597 partium
1005 552 1163 597 polluere
1180 553 1307 597 purita-

164 621 254 652 tem,
291 622 324 644 et
355 613 448 657 quasi
480 610 705 645 haereditario
739 615 829 646 malo
861 627 995 659 serpere
1028 614 1062 647 in
1100 614 1232 658 paucis,
1268 624 1306 648 ut

164 675 338 720 perveniat
363 675 404 707 ad
429 674 641 719 plurimos;«
669 685 702 708 et
727 675 760 708 in
787 675 1016 710 Commentar.
1041 676 1074 709 in
1092 676 1216 710 Psalm.
1238 676 1306 716 89„

164 738 224 771 ubi
249 737 399 779 dogmati
425 737 501 770 liuic
527 739 705 770 haereseos
729 750 853 770 nomen
875 738 989 780 inurit,
1016 739 1306 783 quemadmodum

165 811 198 834 et
222 801 255 833 in
282 800 474 834 Comment.
501 799 533 832 in
559 800 683 833 Jerem.
710 799 782 840 29„
816 800 957 845 aliisque.
983 800 1086 840 locis,
1123 814 1208 847 quos
1231 802 1307 835 hre-

165 863 276 896 vitatis
301 862 405 904 gratia
430 862 685 906 praetermitto:
711 857 927 904 castigaverat
943 871 976 895 et
991 862 1134 896 Orosius
1154 863 1188 896 in
1204 863 1307 898 Com-

164 925 351 958 monitorio
376 925 418 957 ad
438 925 672 966 Augusfinum,
697 933 729 957 et
749 924 960 967 Augustinus
984 924 1018 958 in
1044 925 1163 958 libello
1190 935 1306 959 contra

165 987 437 1021 priscillianistas
464 995 496 1018 et
522 986 746 1028 origenistas,
771 999 842 1031 cap.
868 986 901 1021 8.
927 997 960 1019 et
987 987 1057 1026 11.,
1083 996 1116 1020 et
1145 987 1219 1021 libr.
1244 987 1305 1021 XI.

166 1052 208 1083 de
234 1050 322 1083 civit.
348 1050 434 1089 Dei,
468 1061 540 1093 cap,
566 1048 637 1087 23.,
668 1048 727 1081 ubi
760 1049 919 1082 confictas
953 1049 1028 1081 illas
1054 1050 1095 1082 ‹le
1117 1050 1305 1082 animarum

163 1112 396 1157 progressibus
430 1120 462 1143 et
486 1112 690 1152 regressibus
722 1112 852 1144 fabulas
877 1111 1008 1144 erudite
1032 1111 1176 1144 refellit:
1211 1111 1307 1145 casti—

164 1183 298 1218 gaverat
324 1183 357 1206 et
383 1174 452 1206 Leo
479 1186 565 1218 papa
591 1173 624 1205 in
651 1172 746 1217 epist.
774 1173 847 1213 11.,
883 1186 967 1218 quae
993 1182 1042 1206 est
1066 1173 1109 1206 ad
1130 1173 1305 1207 Julianum

166 1238 355 1276 Coensem,
379 1245 412 1268 et
437 1235 635 1269 Gennadius
658 1236 700 1268 de
726 1235 941 1276 dogmatibus
967 1248 1038 1280 cap.
1059 1235 1122 1275 14„
1148 1244 1181 1268 et
1200 1235 1304 1268 Leon-

165 1299 230 1332 tius
253 1299 288 1331 in
321 1299 378 1331 lib.
405 1298 445 1330 de
478 1284 592 1338 sectis;
626 1297 771 1330 maxime
801 1310 880 1330 vero
908 1297 1074 1343 Cyn-illus,
1110 1297 1168 1342 qui
1192 1298 1307 1331 Theo-

165 1360 250 1405 phili
281 1359 393 1404 patrui
425 1360 495 1397 sui,
527 1371 595 1390 non
629 1358 663 1391 in
691 1358 919 1391 Alexandrino
951 1358 1063 1391 solum
1095 1358 1305 1404 episcopatu,

165 1424 223 1456 sed
257 1423 290 1455 in
322 1422 451 1454 infenso
486 1420 586 1452 etiam
619 1421 777 1453 adversus
803 1421 986 1462 Origenem
1013 1420 1093 1453 odio
1121 1434 1306 1461 successor,

164 1486 248 1518 hanc
275 1484 344 1530 ejus
371 1484 411 1515 de
437 1482 624 1514 animarum
651 1482 779 1524 origine
804 1482 1015 1522 sententiam,
1039 1482 1179 1516 Joannis
1196 1483 1305 1516 Evan-

165 1548 288 1590 gelium
316 1545 506 1590 explanans,
531 1544 714 1588 multiplici
741 1554 1016 1587 argumentorum
1042 1551 1203 1589 apparatu
1227 1546 1304 1578 sub-

164 1611 276 1644 vertit.
323 1610 393 1642 Nec
419 1606 542 1639 minori
567 1606 680 1647 studio
705 1616 783 1650 post
808 1606 958 1651 quintam
983 1608 1150 1653 synodum
1165 1608 1306 1641 eandem

163 1672 402 1717 impugnarunt
442 1669 630 1702 doctrinam
669 1669 850 1701 Facundus
886 1669 1136 1703 Hermianensis
1174 1670 1248 1704 libr.
1275 1670 1304 1705 1.

166 1747 238 1779 cap.
263 1734 314 1773 6.,
339 1742 371 1765 et
396 1732 554 1778 Cyriacus
578 1731 781 1770 monachus,
808 1744 909 1775 quem
933 1741 1044 1764 narrat
1068 1731 1209 1764 Simeon
1233 1744 1305 1764 me-

164 1797 351 1841 taphrastes
377 1793 501 1826 dicenti
528 1793 657 1838 Cyrillo
695 1793 873 1834 »dogmata
904 1793 945 1825 de
977 1793 1233 1837 praeexistentia
1268 1803 1300 1827 et

164 1857 376 1891 restitutione
401 1856 434 1888 in
460 1856 604 1888 eundem
629 1864 773 1888 statum«
801 1855 841 1886 ab
868 1853 1066 1895 Origenistis
1092 1854 1185 1899 quasi
1212 1868 1302 1888 »me-

165 1920 219 1953 dia
259 1928 292 1952 et
328 1919 370 1950 ab
408 1918 502 1951 omni
541 1917 696 1963 periculo
736 1915 844 1948 aliena
873 1915 1028 1955 liaberi,«
1067 1916 1300 1961 respondisse:

168 1983 407 2026 „Nequaquam
449 1992 519 2013 esse
550 1978 682 2018 media,
726 1987 760 2010 et
789 1989 907 2010 vacare
945 1977 1102 2023 periculo
1144 1979 1300 2021 dogmata

165 2044 206 2076 de
230 2042 502 2088 praeexistentia3
534 2041 605 2074 imo
631 2053 701 2074 esse
727 2039 855 2073 lubrica
879 2039 994 2084 potius
1020 2049 1053 2074 et
1077 2040 1296 2085 periculosa.«

164 2103 378 2149 impugnavit
410 2112 441 2135 et
475 2103 652 2148 Antipater
675 2103 861 2136 Bostrenus
891 2101 1039 2146 scriptor
1069 2102 1183 2135 aetatis
1215 2102 1299 2135 mihi

163 2168 314 2200 nondum
341 2175 547 2210 compertae,
570 2165 602 2197 iu
621 2164 912 2197 dissertationibus
929 2165 1086 2197 adversus
1104 2163 1298 2206 Origenem,

163 2241 243 2274 quas
273 2227 409 2269 Eclogis
439 2227 507 2261 suis
536 2227 678 2260 intexuit
699 2227 845 2260 Joanues
870 2227 1098 2260 Damascenns
1123 2226 1189 2259 Tit.
1216 2229 1300 2270 περὶ
