1403 2492
159 105 224 139 112
494 102 604 136 Parni
638 103 809 137 Dmmms
835 103 965 137 HussTn

159 192 448 239 perseverantiae,
481 201 513 225 et
545 206 582 225 ex
607 193 731 238 prioris
763 193 852 226 illius
881 192 1056 235 Augustini
1083 192 1162 226 libri
1187 195 1296 238 capite

160 257 223 296 14..
251 266 282 288 οι
308 254 506 300 posterioris
533 254 641 299 capite
657 255 710 289 20.
759 256 794 288 In
824 268 861 288 ea
886 254 1015 300 quippe
1039 254 1140 288 fuisse
1165 264 1297 288 senten-

158 319 203 350 tia
231 319 423 355 Irenaeum,
449 326 480 348 et
507 316 810 363 Clirysostomum;
841 318 899 350 sed
925 327 959 350 et
982 326 1059 362 post
1083 315 1296 359 pelagianam

159 389 320 420 aetatem,
368 378 645 419 Theodoreturn‚
684 379 998 425 Theofhylactum,
1036 377 1297 419 oecumenium,

157 441 310 485 aliosque
336 440 529 485 complures
553 440 753 487 tralatitium
778 450 836 474 est.
886 441 972 474 Cum
1005 449 1038 474 et
1069 441 1211 473 eandem
1236 439 1298 472 ho-

158 504 282 548 dieque
307 516 324 536 a
350 503 427 535 viris
453 502 639 536 Catholicis
663 513 910 548 propugnatam
935 502 1125 543 videamus;
1151 511 1184 534 et
1203 502 1297 541 hanc,

157 566 338 598 alteramve
364 564 417 596 illi
450 566 644 610 oppositam
678 565 835 610 persequi
863 568 1073 597 sun‘nnorum
1098 563 1297 597 auctoritate

158 626 360 660 Pontificum
394 625 501 660 liceat.
550 628 620 660 Nee
653 628 738 660 adeo
769 636 881 659 tamen
913 626 1099 660 sententiae
1130 625 1208 658 huic
1238 637 1298 670 pa-

156 690 341 722 trocinatus
365 698 415 721 est
439 689 676 729 Adamantius,
707 699 746 722 ut
777 702 846 722 non
879 688 1080 722 contrariam
1110 687 1212 720 etiam
1236 686 1297 719 ali-

158 756 293 797 quando
319 750 439 784 sectari
466 751 554 784 visus
578 751 630 784 sit.
677 753 762 785 Nam
789 752 846 784 lib.
873 752 948 784 Vll.
974 752 1006 784 in
1039 762 1092 795 ep.
1125 751 1165 782 ad
1192 749 1293 782 Rom.

160 827 252 846 num.
280 814 332 848 15,
358 813 439 845 haec
463 813 597 846 scribit:
624 814 718 847 »Sed
736 813 766 858 ¹)
801 813 882 846 haec
914 812 1027 845 omnia
1058 824 1099 844 eo
1131 820 1294 856 spectant,

157 885 194 908 ut
219 876 304 908 illud
329 876 453 920 probet
477 876 684 920 Apostolus,
724 866 867 920 quod-si
894 874 948 909 vel
975 875 1072 914 Isaac,
1107 873 1161 906 vel
1185 873 1293 906 Jacob

156 951 218 983 pro
240 938 290 971 his
315 938 442 970 meritis
466 938 567 971 electi
592 936 733 971 fuissent
758 936 820 981 αἳ)
853 936 931 969 Deo
957 937 999 970 ad
1011 936 1043 981 3)
1071 948 1126 975 ea,
1151 947 1235 980 quae
1258 935 1294 966 in

156 1014 254 1033 carne
285 999 390 1044 positi
424 999 649 1044 quaesierant,
687 1008 720 1031 et
758 1012 819 1043 per
848 1011 951 1043 opera
984 997 1091 1031 carnis
1121 995 1294 1042 justificari

155 1062 371 1102 meruissent,
396 1071 512 1106 posset
535 1061 652 1106 utique
676 1060 788 1093 meriti
813 1073 931 1093 eorum
956 1060 1060 1102 gratia
1083 1060 1124 1092 ad
1149 1057 1293 1103 posteri·

153 1134 255 1156 tatem
282 1124 389 1157 carnis
424 1136 560 1168 quoque
592 1133 624 1156 ct
656 1122 822 1165 sanguinis
852 1122 1031 1167 pertinere.
1090 1123 1187 1155 Nunc
1212 1132 1292 1152 vero

158 1200 233 1219 cum
270 1185 394 1218 electio
429 1197 547 1216 eorum
587 1197 655 1217 non
689 1198 727 1217 ex
760 1183 921 1228 operibus
951 1184 1037 1217 facta
1069 1183 1129 1224 sit,
1169 1183 1229 1215 sed
1253 1194 1291 1213 ex

153 1248 333 1294 proposito
359 1247 437 1285 Dei,
463 1247 540 1290 eff)
566 1259 604 1278 ex
630 1246 778 1279 vocantis
803 1246 957 1285 arbitrio,
981 1245 1244 1290 promissionum
1259 1244 1290 1287 ⁵)

154 1311 255 1353 gralia
280 1323 351 1342 uon
374 1309 407 1341 in
433 1309 512 1341 filiis
537 1308 641 1341 carnis
666 1308 840 1353 impletur,
863 1309 921 1341 sed
946 1308 982 1340 in
1007 1307 1085 1340 {iliis
1111 1307 1192 1339 Dei:
1226 1306 1291 1338 hoc

122 1369 125 1372 .
154 1383 212 1412 est,
239 1372 296 1417 qui
326 1371 484 1404 similiter
517 1380 555 1402 ut
590 1369 656 1414 ipsi
696 1384 734 1402 ex
770 1370 950 1415 proposito
988 1369 1221 1412 eliguntur,⁶)
1258 1377 1290 1400 et

153 1436 358 1479 adoptantur
384 1433 416 1465 in
441 1432 571 1465 filios.«
622 1433 762 1471 Verum,
785 1441 822 1464 ut
847 1445 946 1476 saepe
972 1431 1049 1470 dixi,
1073 1443 1194 1475 parum
1211 1430 1289 1462 huic

154 1497 242 1529 libro
267 1495 516 1541 adjungendum
541 1503 590 1526 est
614 1494 711 1533 fidei,
747 1507 847 1538 quem
872 1493 1057 1526 Rufinianis
1082 1491 1289 1537 opinationi-

151 1560 214 1592 bus
244 1559 438 1602 adspersum
472 1566 503 1588 et
535 1556 744 1601 inquinatum
776 1556 909 1589 scimus.
956 1555 1180 1588 vocationem
1206 1566 1290 1598 quo-

153 1633 217 1665 que
246 1620 339 1652 illam
371 1619 556 1651 secundum
592 1617 809 1663 propositum
840 1617 1002 1656 hominis,
1044 1629 1143 1661 quam
1174 1628 1290 1648 revera

151 1682 339 1724 pelagianis
370 1681 485 1713 tribuit
523 1680 724 1722 Augustinus
757 1679 832 1712 libr.
859 1680 903 1712 Il,
936 1688 1052 1712 contra
1085 1680 1166 1711 duas
1189 1677 1286 1722 epist.

149 1744 422 1787 Pelagianorum,
447 1755 515 1775 non
539 1741 585 1775 ita
610 1751 724 1774 tuetur
748 1741 921 1788 Origenes,
946 1750 984 1773 ut
1007 1753 1076 1773 non
1101 1740 1201 1772 etiam
1226 1751 1286 1770 vo-

151 1808 319 1840 cationem
350 1806 536 1838 secundum
573 1804 789 1849 propositum
829 1803 894 1835 Dei
932 1802 985 1834 hic
1016 1801 1157 1842 intelligi
1187 1812 1286 1845 posse

152 1871 315 1911 fateatur3
339 1881 414 1901 nam
441 1867 605 1912 proponit
628 1876 826 1910 utramque,
858 1874 890 1897 et
922 1863 1105 1896 sententiae
1130 1875 1207 1895 suae
1233 1875 1285 1895 ac-

245 2022 276 2065 ¹)
302 2021 372 2053 Csr.
399 2021 498 2053 Rom.
526 2020 587 2059 IX,
613 2020 664 2053 11.
692 2018 743 2052 12.

242 2077 276 2121 2)
302 2078 434 2110 Desunt
458 2077 493 2109 in
517 2077 595 2109 edd.
618 2075 659 2108 H.
686 2075 804 2106 verba:
833 2085 877 2105 ”a
901 2073 1017 2105 Deos<

242 2133 275 2177 ³)
298 2133 430 2165 Desunt
454 2133 488 2164 in
514 2133 564 2165 ed.
591 2133 631 2164 Γι.
658 2131 774 2164 verba:
806 2130 871 2162 uad
898 2142 974 2167 raa}

243 2190 275 2231 ⁸)
300 2189 406 2221 Deest
434 2199 517 2221 »et«
546 2189 578 2221 iu
606 2189 680 2220 edd.
707 2188 747 2220 H.

241 2245 273 2287 ⁵)
300 2244 387 2280 Edd.
411 2245 549 2278 Huetii:
579 2243 875 2289 »promissionis«

239 2302 273 2345 ⁶)
298 2301 384 2333 Edd.
410 2300 543 2336 Huetii:
574 2303 775 2344 adigantur,
801 2312 832 2334 et
856 2302 1069 2344 adoptemur.
1081 2308 1096 2322 «ι
