1403 2492
180 73 247 109 344
649 73 840 107 Excunsus

183 164 296 197 »Talis
322 173 371 197 est
395 164 485 197 enim
510 163 576 197 Dei
602 176 683 203 vox,
716 173 754 196 ut
784 165 826 196 ab
858 164 898 197 iis
922 165 1004 198 sotis
1028 165 1201 210 audiatur,
1236 179 1321 212 quos

182 240 254 258 earn
281 227 396 259 audire
423 227 495 259 vult
520 226 576 271 qui
602 225 874 271 loquitur....;«
904 237 936 260 et
961 227 1139 272 cumipse,
1167 228 1245 273 »qui
1271 228 1322 260 Ιο-

181 289 316 333 quitur,
350 301 470 320 vocem
501 301 594 321 suam
627 290 667 320 ab
703 289 859 321 omnibus
885 288 1035 322 exaudiri
1061 303 1128 322 non
1155 290 1238 329 vult,
1263 290 1320 335 qui

182 351 282 383 habet
308 364 403 383 aures
429 351 701 395 praestantiores,
726 351 819 383 audit
845 351 977 394 Deum:
1011 352 1067 397 qui
1095 365 1175 384 vero
1201 351 1322 385 mentis

180 414 315 446 auribus
341 413 537 452 obsurduit,
577 426 644 445 non
677 413 770 445 audit
799 414 911 446 Deum
946 414 1173 459 loquentem.«
1228 413 1323 446 Visus

183 485 231 508 est
256 476 318 508 sibi
347 475 511 517 Origenes
536 475 748 520 praeclarum
773 475 905 508 divinae
932 476 1104 520 potentine
1130 476 1321 521 exemplum

180 538 373 582 perspicere
399 537 431 570 in
457 537 514 570 itta
540 537 812 581 comparatione,
839 551 902 582 qua
928 538 1080 571 Christus
1103 538 1246 571 salutent
1273 538 1323 570 di-

181 600 290 633 vitum
328 600 457 632 camelo
490 613 550 643 per
583 600 735 631 foramen
770 613 848 632 acus
885 600 1068 633 transeunti
1105 600 1320 643 assimilaw)

185 663 298 696 »Fieri
312 662 425 706 itaque
444 671 587 706 potest‚«
615 661 726 706 inquit.
749 662 849 695 Tom.
867 663 941 695 XV.
960 663 992 695 iu
1012 662 1134 695 Matth.
1148 675 1241 695 nutu.
1256 662 1324 702 20.,

184 734 244 757 »ut
268 725 415 757 camelus
440 724 541 756 etiam
573 737 635 768 per
666 724 819 756 foramen
853 737 930 757 acus
966 734 1128 766 transea13
1158 734 1190 757 at
1220 723 1255 756 id
1287 723 1321 756 in

181 787 357 819 hominum
383 795 550 830 potestate
575 799 644 818 non
671 795 737 818 est:
763 786 808 819 ita
834 795 866 826 et
890 796 928 819 ut
953 787 985 819 in
1017 800 1155 829 regnum
1181 787 1248 819 Dei
1274 786 1324 819 di·

182 863 238 881 ves
264 849 479 891 ingrediatur.
530 848 684 891 Quanam
711 861 791 881 vero
809 849 940 882 ratione
958 862 1010 882 res
1026 849 1221 894 hujusmodi
1244 862 1325 893 pos-

180 911 294 944 sibiles
321 911 443 943 efficiat
468 911 575 950 Deus,
600 910 671 954 ipsc
695 910 842 950 noverit,
867 911 899 944 et
925 911 1078 945 Christus
1103 911 1186 955 ejus,
1211 921 1244 943 et
1269 910 1323 944 cui

181 974 291 1007 Filius
316 972 386 1018 ejus
411 973 643 1005 1·evelave1·it.«
693 973 883 1005 Praeterire
916 986 984 1006 non
1010 987 1148 1018 possum
1174 973 1324 1018 praecla-

180 1036 350 1068 rissimum
377 1048 414 1067 ex
441 1035 498 1069 lib.
533 1035 575 1067 de
606 1034 772 1068 Oratione
794 1035 1046 1074 testimonium,
1070 1036 1129 1067 ubi
1155 1035 1324 1079 explicans

181 1098 286 1130 illud:
314 1097 481 1140 »»3·'i:tt²)
507 1097 662 1129 voluntas
686 1106 797 1136 tun,««
828 1106 902 1137 etc.,
926 1097 972 1129 sic
988 1097 1140 1142 loquitur
1163 1110 1255 1130 num.
1268 1097 1324 1131 26.

184 1160 283 1193 »Sive
309 1160 419 1191 adhue
443 1168 532 1191 terra
556 1172 670 1192 sumus
688 1168 832 1203 propter
847 1168 1037 1203 peccatum,
1062 1154 1198 1193 oremus
1223 1168 1258 1192 et
1281 1159 1323 1191 ad

180 1236 243 1255 nos
269 1234 405 1266 quoque
436 1221 484 1254 sic
511 1220 579 1264 Dei
612 1222 823 1254 voluntatem
856 1221 1102 1255 emendationis
1136 1234 1234 1254 causa
1271 1234 1326 1254 ex—

181 1284 286 1323 tendi,
311 1277 600 1328 quemadmodum
626 1284 668 1317 ad
693 1297 751 1317 eos
775 1284 948 1329 pervenit,
982 1284 1039 1329 qui
1064 1294 1140 1316 ante
1160 1296 1222 1317 nos
1248 1296 1326 1316 coe-

183 1348 254 1379 lum
280 1346 359 1379 facti
384 1355 480 1379 sunt:
504 1346 574 1379 sive
599 1359 667 1379 non
692 1346 758 1393 jam
785 1356 892 1386 terra,
923 1347 982 1379 sed
1015 1347 1149 1379 coelum
1182 1346 1325 1390 deputa-

183 1423 260 1441 mur
284 1410 374 1448 Deo,
398 1421 580 1453 precemur
602 1417 640 1441 ut
664 1408 749 1441 sicut
775 1409 809 1442 in
836 1407 954 1448 coelo,
978 1408 1024 1442 ita
1049 1418 1082 1441 et
1106 1408 1140 1440 in
1164 1418 1264 1448 terra,
1288 1407 1324 1440 id

183 1481 243 1512 est,
268 1471 301 1504 in
327 1469 555 1503 deterioribus
579 1469 764 1514 impleatur
787 1470 854 1503 Dei
879 1470 1063 1510 voluntas,÷‹
1093 1479 1156 1503 etc.

272 1534 333 1565 IX.
388 1532 600 1566 Sententiam
635 1532 792 1575 Origenis
822 1533 972 1564 secundo
1010 1532 1088 1564 loco
1129 1531 1324 1576 perspicere

181 1608 360 1642 possumus
385 1607 424 1627 ex
447 1594 548 1626 variis
575 1594 790 1633 testimoniis,
814 1593 847 1626 in
874 1594 996 1639 quibus
1015 1593 1176 1626 miracuta
1194 1606 1212 1625 a
1227 1592 1326 1625 Chri-

180 1669 234 1691 sto
258 1657 413 1691 sanandis
444 1655 647 1701 corporibus
680 1656 767 1689 edita
800 1657 957 1688 umbram
990 1665 1022 1688 et
1054 1655 1235 1697 imaginem
1267 1668 1325 1688 eo·

180 1734 257 1753 rum
283 1733 353 1752 esse
367 1718 525 1758 declarat,
550 1731 635 1763 quae
649 1718 802 1756 sanandis
820 1718 990 1751 mentibus
1012 1726 1182 1762 operatur.
1221 1716 1325 1749 »Ani-

181 1796 272 1815 mam
308 1794 473 1824 egressam
505 1780 706 1820 retrahere,«
746 1780 857 1825 inquit
894 1780 996 1814 Toni.
1020 1780 1098 1813 ΧΙΙ.
1133 1779 1166 1812 in
1204 1778 1323 1814 Matth,

182 1859 275 1878 num.
299 1844 344 1884 2.,
370 1843 437 1876 »ita
460 1851 498 1875 ut
521 1842 588 1887 jam
613 1844 745 1876 foetens
771 1852 803 1875 et
828 1842 1067 1888 quatriduanus
1104 1841 1209 1874 exiret
1233 1855 1249 1873 e
1274 1854 1325 1874 se-

182 1906 322 1953 pulcris,
345 1905 474 1938 nullius
497 1914 568 1938 erat
591 1914 828 1950 praeterquam
854 1904 942 1950 ejus,
975 1904 1033 1949 qni
1063 1917 1080 1936 a
1107 1904 1207 1936 Patre
1231 1903 1326 1935 andi-

182 1978 319 2002 veratz«
351 1967 572 2000 »nFaciamus
586 1968 617 2012 ³)
645 1966 818 1999 bominem
845 1967 886 1999 :td
911 1967 1091 2008 imaginem
1117 1975 1151 1998 et
1166 1964 1325 1998 similitu-

183 2031 297 2064 dinem
322 2039 529 2062 nostram.««
579 2029 647 2062 Sed
673 2028 754 2062 haec
778 2028 959 2069 miracuta,
983 2038 1021 2061 ut.
1044 2028 1134 2061 idem
1160 2026 1325 2069 Origenes

183 2102 324 2126 testatur
347 2092 450 2125 Tom.
475 2091 532 2125 Vl.
557 2091 591 2124 in
614 2092 738 2125 Joann.
763 2104 856 2124 num.
883 2091 948 2131 17.,
975 2090 1155 2134 »imagines
1170 2097 1247 2123 sunt
1267 2100 1326 2121 eo-

281 2222 312 2265 1)
339 2220 409 2255 csr.
435 2219 557 2253 Manu.
580 2220 678 2260 xlx,
701 2220 755 2254 24.

283 2277 316 2321 2)
342 2276 460 2310 mant„
489 2277 547 2317 w,
574 2277 626 2312 10.
722 2277 758 2322 ³)
779 2277 902 2310 senes.
928 2276 954 2315 ι,
978 2275 1032 2312 26.

281 2415 295 2423 ο
