1403 2492
388 86 701 120 OmGENiANonom
726 84 839 117 Ltmm
864 84 906 116 11.
1147 85 1210 120 221

81 174 178 219 epist.
204 175 246 207 ad
271 174 421 220 Philipp.
446 175 587 208 Prorsus
615 186 694 206 vero
720 173 910 206 Platonizat
934 172 1091 219 Synesius
1116 174 1213 218 epist.

79 235 134 270 44.
159 237 201 269 ad
223 237 411 270 Joannem:
436 237 616 270 daemones
648 235 774 280 quippe
810 235 857 268 ait
882 234 1052 279 expiandis
1078 237 1214 269 sceleri-

78 297 142 330 bus
166 299 356 343 praefectos
377 299 521 332 eandem
545 297 578 330 in
611 296 736 330 animas
767 305 892 336 artem,
933 310 1034 340 quam
1064 298 1214 330 fullones

79 358 115 392 in
146 360 298 392 sordidas
330 370 436 393 vestes
471 372 644 393 exercere:
677 358 862 390 animarum
894 371 972 399 ergo
1007 360 1214 403 quarundam

79 433 148 453 non
171 434 292 463 magno
318 422 434 455 labore
457 421 599 462 abstergi
633 420 797 458 maculas,
828 418 1075 464 pristinumque
1101 421 1215 453 induci

79 481 245 523 nitore1n;
277 483 351 515 aliis
384 496 463 516 vero
494 482 539 515 ita
570 481 705 513 inolitas
731 494 800 513 esse
825 480 959 520 sordes,
983 490 1020 513 ut
1044 481 1136 514 nulla
1162 481 1214 513 lo-

79 542 184 583 tione,
208 544 408 587 purgatione
431 545 523 576 nulla
547 542 702 575 mundari
723 541 869 587 possint:
895 551 1005 574 cetera
1030 543 1115 574 meri
1138 553 1216 575 sunt

79 603 292 637 Platonismi.
331 605 548 650 Comparatio
566 605 624 637 illa
639 605 828 648 purgandae
845 604 986 643 animae,
1013 618 1088 636 cum
1102 618 1214 648 panno

79 665 220 698 sordido
244 666 384 699 fullonis
407 675 477 698 arte
500 666 707 704 mundando,
732 675 770 697 ut
795 674 827 697 et
850 664 934 698 aliae
959 677 977 696 a
993 665 1149 697 Patribus
1173 667 1216 698 ad

81 726 117 759 id
142 728 388 772 explanandum
411 737 646 769 argumentum
672 741 747 759 cum
772 727 846 769 igne
873 736 906 759 et
928 739 1011 759 auro
1032 726 1216 768 institutae,

80 789 255 833 profectae
285 789 440 821 videntur
472 802 511 821 ex
543 788 592 821 his
624 788 813 822 Malachiae
839 789 910 828 HI,
943 789 974 823 2.
1005 788 1038 823 3.
1095 791 1216 834 »nlpse

82 850 171 882 euim
196 850 290 895 quasi
313 850 397 893 ignis
422 850 581 890 conflans,
608 859 641 883 et
665 850 758 894 quasi
774 850 878 882 herba
896 850 1084 884 fullonum:
1110 861 1143 884 et
1165 865 1217 884 se-

81 912 176 944 debit
199 912 357 952 conflans,
381 922 413 945 et
439 913 622 945 emundans
647 922 840 954 argentum,
872 922 906 945 et
935 912 1093 957 purgabit
1125 913 1216 946 filios

80 973 172 1013 Levi,
198 983 231 1006 et
255 973 381 1006 colabit
413 987 471 1006 eos
504 973 597 1018 quasi
625 986 764 1014 aurum,
795 983 829 1006 et
853 974 948 1018 quasi
972 984 1214 1016 argentumzu«

81 1046 115 1069 et
139 1049 177 1069 ex
201 1034 262 1069 illo
287 1035 456 1069 Jeremiae
473 1035 585 1076 II,22.
633 1035 720 1069 »»Si
744 1035 864 1068 laveris
888 1045 922 1068 te
944 1035 1047 1076 nitro,
1072 1046 1105 1069 et
1129 1037 1217 1068 mul-

80 1097 286 1142 tiplicaveris
317 1097 380 1129 tibi
410 1097 547 1129 herbam
578 1097 711 1137 borith,
734 1096 900 1130 maculata
924 1110 958 1129 es
982 1096 1017 1129 in
1041 1097 1218 1142 iniquitate

81 1169 139 1191 tua
164 1171 277 1191 coram
301 1172 366 1198 me,
391 1158 474 1190 dicit
497 1157 667 1190 Dominus
691 1157 845 1191 Deus.««
894 1158 992 1191 Prius
1025 1158 1112 1192 illud
1144 1161 1219 1193 JMa—

83 1221 211 1254 lacliiae
234 1219 407 1264 usurpavit
430 1219 593 1260 Origenes
617 1218 694 1251 libr.
719 1219 777 1253 VI.
804 1229 921 1252 contra
952 1219 1108 1260 Celsum,
1141 1235 1218 1255 cum

83 1291 270 1328 quaereret,
294 1294 397 1326 quare
423 1280 518 1313 vallis
543 1280 678 1320 Ennon,
704 1293 789 1325 quae
813 1281 885 1325 ipsa
909 1291 959 1314 est
984 1281 1157 1325 Gchenna‚
1185 1294 1219 1317 et

83 1357 270 1389 poenarum
295 1343 401 1382 locus,
426 1342 460 1374 in
485 1342 603 1374 eadem
619 1341 723 1381 tribu,
747 1342 971 1388 Benjamitica
986 1344 1157 1385 nimirum,
1183 1347 1217 1378 in

84 1419 150 1451 qua
181 1405 413 1443 Hierusalem,
450 1412 658 1442 censeretur,
691 1404 943 1448 respondetque
983 1404 1098 1438 locum
1129 1406 1218 1439 hunc

83 1479 272 1512 poenarum
295 1465 402 1510 accipi
425 1477 489 1509 pro
515 1463 717 1497 cruciatibus
741 1465 954 1509 purgatoriis,
979 1466 1038 1510 qui
1062 1480 1080 1500 a
1106 1469 1218 1501 coele-

82 1529 140 1562 stis
165 1527 423 1573 Hierosolymae
446 1538 524 1568 rege
548 1539 587 1558 ac
602 1525 756 1558 Domino
780 1526 911 1559 animae
935 1527 1143 1570 infliguntur,
1167 1544 1218 1563 se-

83 1590 231 1624 cundum
263 1590 363 1621 verba
404 1602 421 1620 e
452 1587 621 1621 BIalachia
650 1588 804 1623 adducta.
860 1588 1040 1622 Subnectit
1078 1591 1217 1624 demum

81 1650 240 1698 mysteria
263 1650 344 1682 haec
367 1649 502 1682 silentio
528 1649 743 1692 obsignanda,
771 1662 814 1682 ne
838 1650 993 1683 homines
1014 1664 1158 1696 nequam
1182 1653 1218 1685 in

82 1715 200 1747 vitium
225 1713 369 1745 effrenes
393 1720 509 1751 ruant,
542 1711 669 1755 quippe
700 1711 759 1755 qui
788 1724 830 1743 ne
860 1725 1047 1756 poenarum
1078 1715 1216 1758 quidem

82 1785 306 1816 aeternarum,
332 1782 365 1805 et
388 1773 454 1804 fine
479 1772 663 1805 carentium
695 1771 858 1815 opinione
889 1785 926 1805 ac
953 1783 1046 1806 metu
1070 1788 1089 1807 a
1112 1777 1219 1808 scele-

84 1836 176 1869 ribus
199 1836 454 1867 absterreantur.
505 1833 610 1877 Quod
641 1832 802 1877 expressit
833 1833 1060 1880 Hieronymus
1092 1837 1124 1869 in
1151 1838 1217 1871 fine

85 1899 276 1932 Comment.
302 1897 336 1930 in
358 1895 490 1929 lsaiam.
538 1895 761 1940 Perspicuum
796 1906 845 1929 est
879 1897 992 1942 itaque
1015 1900 1217 1933 sententiam

84 1960 170 1991 hanc
200 1958 242 1990 de
279 1957 497 1990 terminandis
535 1957 717 2002 aliquando
756 1958 992 1992 damnatorum
1030 1961 1218 2005 suppliciis,

86 2019 242 2062 Origenis
265 2028 384 2059 aetate,
407 2018 588 2063 multisque
612 2029 691 2063 post
714 2021 825 2061 annis,
849 2022 1003 2054 nondum
1029 2023 1117 2055 clara
1142 2023 1219 2056 liae-

85 2094 198 2114 reseos
224 2089 257 2112 et
281 2093 433 2124 expressa
463 2091 544 2113 nota
575 2080 676 2113 fuisse
707 2081 920 2123 infamatam,
956 2093 1076 2128 utpote
1117 2098 1217 2129 quam

87 2141 244 2175 nonnulli
268 2142 309 2173 de
335 2151 435 2174 coetu
459 2141 615 2182 Pau-um,
646 2142 737 2186 iique
766 2157 836 2176 non
869 2144 977 2177 infimi
1001 2154 1130 2188 puncto
1154 2159 1216 2178 suo

90 2203 354 2248 comprobarint.
401 2202 571 2246 Quocirca
594 2203 772 2237 Facundus
797 2205 1047 2239 Hermi-'mensis
1072 2207 1133 2240 lib.
1160 2208 1215 2241 lV.

90 2279 160 2310 cap.
185 2266 216 2299 4.
239 2265 366 2306 scribit,
391 2264 624 2298 Domitianum
652 2268 887 2310 Ancyrannm,
912 2267 1131 2311 Origenianae
1157 2271 1218 2302 do-
