1403 2492
383 104 695 137 Omoemus-onum
719 102 834 135 Lmen
860 101 902 134 11.
1158 100 1202 136 37

73 192 203 232 monis,
228 202 260 225 ct
285 193 386 225 Tom.
411 194 486 225 Vll.
512 192 546 225 in
570 192 710 232 Mattl1.,
745 192 846 236 (quae
878 190 1069 224 testimonia
1093 190 1203 236 jacent

71 254 105 287 in
131 255 300 299 Apologia
323 254 527 299 Pamphili),
564 263 594 286 ct
621 254 722 286 Τοηι.
745 253 787 285 Χ.
820 253 853 285 in
879 253 999 286 Matth.
1029 264 1120 284 num.
1147 251 1201 285 20.

71 325 105 349 et
129 316 231 349 Tom.
255 316 316 350 XI.
341 329 429 348 nunni
458 315 522 355 19.,
547 314 732 359 Seripturis
754 313 874 347 sanctis
901 324 934 346 et
959 312 1202 346 ecclesiasticae

69 377 151 411 fidei
169 377 371 410 contrariam
389 390 458 410 esse
482 376 596 409 asserit
618 374 955 420 μετενσωμάτωσιν.
1003 375 1093 408 Fuso
1118 387 1204 419 quo-

70 452 136 484 que
162 439 198 472 id
222 448 451 481 argumentum
477 438 695 482 prosequitur
711 438 812 470 Tom.
831 438 889 471 VI.
915 436 947 469 in
965 437 1085 469 Joann.
1110 450 1202 468 num.

70 501 102 536 7.
128 501 332 545 disquirens,
356 513 396 532 an
423 500 456 532 in
480 499 621 532 Joannis
647 513 769 543 corpus
789 498 883 532 Eliae
908 499 1015 531 anima
1041 499 1204 540 migrave-

71 562 135 606 rit3
159 575 268 607 eoque
293 561 392 594 etiam
418 561 588 606 copiosius
613 562 714 593 Tom.
740 561 834 595 Xlll.
860 561 893 593 in
919 560 1037 594 Matth.
1063 573 1155 593 num.
1173 561 1204 593 1.

73 633 108 657 et
136 622 370 669 sequentibus,
408 623 549 655 eandem
581 623 745 655 ventilans
777 623 1027 667 quaestionem,
1062 621 1122 654 hac
1155 634 1205 653 ra-

70 686 164 718 tione
186 683 515 729 μετενσωμτίτωσιν
539 694 734 728 oppugnat,
769 685 934 719 mundum
964 696 1128 728 nusquam
1153 681 1204 714 in-

71 747 268 786 teriturum,
303 746 330 779 si
367 746 497 779 animae
528 755 670 791 propter
700 756 838 791 peccata
872 759 1015 791 corpora
1047 744 1204 777 subeant:

70 807 105 841 id
130 807 219 841 enim
243 807 270 841 si
295 809 348 848 sit,
372 821 448 841 cum
473 821 607 852 semper
630 821 694 852 pro
721 808 851 842 arbitrii
875 808 926 841 sui
951 808 1107 840 libertate
1127 818 1205 849 pec—

71 882 146 902 care
174 869 305 915 possint
335 869 484 910 animae,
515 882 650 914 semper
682 883 826 915 corpora
855 870 1037 909 subituras;
1072 880 1206 911 semper

71 931 173 973 igitur
195 932 352 964 adfutura
377 945 539 977 corpora;
575 932 738 964 mundum
771 944 849 974 ergo
882 943 1052 975 nunquam
1077 928 1206 974 peritu-

71 1006 164 1026 rum:
196 993 290 1038 quod
310 987 348 1026 ‘si
380 992 627 1038 prodeuntibus
656 992 797 1025 saeculis
825 992 954 1025 animae
977 991 1120 1024 subinde
1144 989 1205 1022 ali-

72 1067 157 1099 quae
189 1064 329 1099 peccato
361 1055 549 1093 immunes,
587 1054 762 1098 corporeis
792 1054 937 1087 vinculis
967 1052 1112 1098 amplius
1137 1065 1205 1084 non

71 1125 186 1158 egent,
221 1125 300 1160 post
332 1115 528 1148 diuturnum
561 1129 726 1149 annorum
759 1116 986 1157 curriculum,
1023 1113 1204 1147 imminuto

71 1177 175 1219 magis
198 1177 369 1222 magisque
394 1177 578 1210 animarum
603 1190 763 1217 numero,
796 1178 838 1210 ad
870 1190 1056 1222 perpaucas
1080 1175 1206 1207 animas

71 1239 245 1271 redactum
277 1239 318 1271 iri
350 1239 533 1279 mundum;
570 1238 691 1283 quibus
722 1238 969 1282 perfectionem
1007 1235 1206 1276 consecutis,

75 1300 259 1332 desiturum
281 1301 424 1339 tandem,
449 1313 528 1344 prae
554 1299 752 1339 animarum,
777 1314 860 1345 quae
886 1312 1030 1345 corpora
1054 1300 1206 1337 subeant,

74 1361 207 1405 inopia:
239 1362 332 1406 quod
363 1362 549 1403 refragatur
579 1360 773 1405 Scripturae
805 1361 943 1394 docenti
974 1360 1142 1406 plurimos
1172 1359 1206 1391 iu

72 1423 200 1454 mundo
233 1423 365 1455 futuros
396 1423 576 1462 mortales,
613 1437 689 1456 cum
720 1424 828 1457 Filius
860 1423 1009 1456 hominis
1038 1421 1204 1455 adveniet.

72 1482 149 1516 Pari
184 1483 292 1516 utitur
326 1484 584 1517 ratiocinatione
620 1486 695 1518 libr.
725 1487 766 1519 ll.
803 1486 836 1519 in
870 1485 1000 1518 Cantic.
1034 1484 1203 1518 Cantiror.

72 1546 171 1578 Nunc
194 1557 319 1589 aequus
343 1547 452 1579 lector
476 1547 661 1587 existimet,
695 1557 748 1580 tot
772 1557 906 1592 tamque
932 1547 1028 1579 claris
1052 1546 1207 1578 testimo-

71 1606 134 1639 niis
158 1607 485 1651 μετενσωμάιωσιν
509 1609 740 1641 obterentibus
773 1609 923 1654 majorne
951 1609 1140 1641 adhibenda
1164 1608 1206 1640 sit

73 1668 175 1708 fides,
209 1681 248 1701 an
281 1669 338 1709 iis,
374 1683 458 1714 quae
489 1670 634 1713 allegant
657 1671 890 1716 Hieronymus
922 1680 954 1703 et
984 1670 1204 1713 Justinianus,

72 1731 212 1764 eandem
236 1731 495 1767 adstruentibus,

163 1792 404 1826 Verumtamen
430 1793 504 1825 aliis
535 1807 670 1838 quoque
695 1794 871 1839 praesidiis
896 1796 1089 1829 Adamantii
1112 1810 1206 1828 caus—

74 1867 143 1886 sam
167 1854 287 1886 fulcire
312 1867 507 1898 possumus,
543 1855 637 1887 velut.
667 1869 704 1888 ea
735 1865 830 1896 sunt,
868 1869 952 1900 quae
982 1858 1081 1889 nohis
1105 1858 1205 1890 Pam-

74 1915 186 1959 philus
217 1916 463 1956 subministrat,
500 1917 600 1949 verba
633 1917 713 1949 ltaee
746 1917 885 1960 Origeni
918 1918 1003 1950 falso
1037 1920 1204 1964 adscripta

73 1976 175 2008 fuisse
202 1976 326 2016 dicens,
351 1991 435 2021 quae
460 1991 527 2009 non
555 1991 592 2009 ex
617 1992 685 2019 sua,
710 1980 768 2011 sed
794 1992 832 2011 ex
857 1980 1034 2012 adversarii
1062 1995 1204 2025 persona

73 2040 281 2083 protulerat,
319 2050 352 2071 et
384 2039 650 2071 dissertationem
683 2051 855 2084 praeterea
888 2055 981 2073 suam
1014 2044 1064 2075 luis
1096 2044 1204 2077 verbis

75 2101 296 2133 conclusisse:
336 2101 428 2132 „Sed
461 2101 539 2132 haec
572 2112 731 2145 quantum
766 2103 806 2135 ad
844 2116 905 2136 nos
940 2105 1104 2148 pertinet,
1135 2119 1204 2138 nou

75 2172 151 2195 sunt
182 2163 212 2206 ¹)
239 2163 411 2203 dogmata,
435 2163 493 2194 sed
519 2163 732 2197 discussionis
757 2164 859 2206 gratia
885 2165 974 2199 dicta
997 2167 1072 2206 sint,
1099 2177 1131 2200 et
1149 2169 1205 2200 ah-

169 2287 203 2331 ¹)
227 2286 289 2319 Ed
316 2287 438 2319 Ptuaei.
466 2287 593 2319 »siuka
