1403 2492
161 110 229 147 242
483 107 599 142 Psi-m
621 107 796 142 Danu-:us
821 107 954 141 Huni-n

163 200 280 234 multis
304 198 472 233 innotuit:
503 199 620 244 non¹)
653 198 743 232 enim
775 198 912 231 evidens
946 197 988 231 de
1012 197 1064 231 his
1087 196 1122 231 in
1147 197 1304 231 eeclesia-

163 263 244 297 stica
267 260 523 307 praedicatione
546 273 658 294 sermo
685 261 891 305 profertum(
942 259 1095 304 Quarum
1113 272 1227 293 rerum
1243 262 1305 293 ob-

163 325 358 358 scuritatem
389 321 569 365 significari
601 322 695 367 ait²)
727 335 790 367 per
819 322 888 355 alas
922 321 998 354 illas
1031 330 1179 366 quatuor
1209 322 1307 355 Sera-

163 386 349 432 pliinorum
374 385 538 425 duorum,
569 397 653 429 quae
684 383 752 417 Dei
787 383 910 416 faciem
941 396 980 416 ac
1011 383 1117 428 pedes
1139 383 1306 418 velabant.

163 448 264 481 Unde
289 445 471 480 existimari
492 455 618 492 potest,
643 458 864 493 quaecunque
894 458 997 490 super
1019 444 1085 478 boc
1108 454 1306 487 argumento

165 508 377 554 conscripsit,
402 508 496 541 velut
519 520 628 541 meras
653 506 864 554 conjecturas
887 506 1117 555 propospisse,
1141 519 1212 539 non
1234 514 1307 539 tan-

165 584 267 617 quam
292 571 449 612 dogmata
473 581 691 605 asseverasse.

254 632 531 667 praetermittere
556 644 636 664 vero
662 630 802 664 minime
829 630 928 663 decet
950 628 1039 662 illud
1063 628 1263 675 Hieronymi
1289 641 1308 661 e

166 696 243 730 libr.
268 695 295 733 I,
320 695 355 728 in
380 694 476 740 epist.
502 693 544 726 ad
568 693 638 726 Tit.
662 706 731 726 non
755 692 855 735 longe
879 693 921 725 ab
945 691 1062 724 initio:
1089 690 1176 725 »Sex
1200 690 1309 728 millia

164 758 311 791 necdum
335 755 444 789 nostri
467 755 560 788 orbis
584 755 774 800 implentur
796 754 885 795 anni,
911 763 944 787 et
969 762 1109 799 quantas
1135 752 1229 798 prius
1253 765 1308 785 ae-

164 819 354 858 ternitates,
385 826 508 862 quanta
531 826 705 862 tempora,
738 825 876 862 quantas
915 815 1131 849 saeculorum
1163 813 1308 856 origines

165 881 268 914 fuisse
292 880 523 913 arbitrandum
548 888 615 919 est,
639 878 673 911 in
698 878 820 924 quibus
844 877 974 921 angeli,
997 876 1129 916 throni,
1153 875 1309 908 domina-

164 943 287 983 tiones,
312 951 530 986 caeteraeque
554 942 706 974 Virtutes
729 939 906 973 servierint
921 940 1010 979 Deo,
1035 947 1068 972 et
1082 939 1207 983 absque
1222 947 1309 970 tcm-

166 1018 290 1049 pornm
315 1003 466 1043 vicibus,
496 1003 623 1047 absque
647 1002 832 1042 mensuris,
862 1002 941 1034 Deo
966 1000 1121 1047 jubente,
1151 999 1309 1032 substite-

165 1066 264 1100 rint.«
313 1065 493 1100 Materiam
519 1073 633 1097 autem
657 1077 675 1097 a
698 1064 776 1097 Deo
802 1073 878 1096 ante
903 1064 1068 1096 mundum
1082 1071 1227 1095 creatam
1245 1074 1309 1106 po-

166 1137 306 1161 suerunt
329 1127 444 1167 Philo,
469 1125 641 1166 Tatianus,
666 1126 879 1166 Lactantius,
904 1135 937 1158 et
961 1124 1030 1165 alii,
1055 1136 1095 1157 ex
1122 1135 1187 1168 qua
1210 1135 1308 1156 mun-

167 1190 249 1223 dum
271 1197 392 1234 postea
415 1186 639 1220 fabricaverit.

257 1252 334 1285 VII.
380 1248 574 1284 Multorum
606 1248 892 1294 disputationibus
925 1248 973 1281 ita
1007 1246 1175 1280 celebrata
1198 1256 1247 1280 est
1271 1259 1309 1280 ea

168 1312 324 1356 Origenis
351 1311 489 1357 opinio,
520 1323 606 1356 quae
639 1309 789 1344 Paradisi
820 1308 1046 1343 consitionem
1077 1309 1121 1342 ad
1151 1309 1310 1352 allegori-

168 1388 241 1408 cam
266 1374 516 1419 expositionem
540 1373 741 1418 detorquet,
773 1381 812 1405 ut
844 1381 999 1405 nostrum
1020 1384 1168 1416 >quoque
1191 1380 1310 1416 postu-

168 1438 236 1470 lare
261 1436 416 1469 videatur
439 1448 588 1468 examen.
630 1434 820 1467 Arbitratus
835 1433 896 1466 ille
921 1442 970 1466 est
986 1433 1183 1466 Paradisum
1207 1433 1307 1473 hunc,

168 1497 225 1543 qui
250 1497 417 1531 terrestris
439 1497 541 1539 vulgo
569 1496 702 1535 dicitur,
725 1496 876 1540 positum
901 1494 935 1527 in
952 1494 1055 1527 tertio
1077 1494 1175 1527 coelo
1188 1494 1307 1536 fuisse3

167 1561 304 1593 arbores
330 1572 431 1599 vero,
455 1558 605 1602 aliaque,
631 1557 751 1601 quibus
775 1557 869 1589 velut
890 1556 1056 1589 terrestris
1085 1556 1222 1600 quidam
1246 1569 1309 1589 no-

167 1631 257 1654 tatur
280 1622 387 1662 locus,
409 1633 447 1653 ae
471 1619 601 1664 reliqua
631 1618 777 1664 denique
810 1618 924 1650 omnia
955 1617 1138 1659 allegorice
1162 1618 1308 1664 explica-

167 1682 233 1715 vit:
257 1695 335 1714 nam
359 1681 483 1714 animas
506 1680 541 1713 in
567 1681 667 1712 coelo
694 1680 863 1722 degentes,
885 1692 948 1724 per
963 1679 1131 1712 Adamum
1157 1689 1189 1712 et
1200 1680 1306 1714 Evam

166 1744 202 1777 in
225 1743 387 1777 Paradiso
412 1751 542 1776 creatos
574 1741 695 1784 signari
720 1741 877 1786 opinatus
902 1749 970 1782 est;
994 1740 1134 1774 crimina
1157 1755 1242 1786 quae
1266 1742 1307 1775 il—

166 1805 213 1839 lic
243 1805 374 1838 animae
403 1804 605 1844 admittunt,
644 1816 709 1848 per
737 1790 834 1836 vetiti
863 1802 946 1835 mali
977 1815 1089 1845 esum3
1120 1804 1306 1837 animarum

167 1867 323 1900 exsilium
347 1876 491 1911 propter
514 1865 655 1906 delicta,
689 1878 750 1910 per
774 1864 1008 1909 expulsionem
1033 1865 1223 1909 primorum
1249 1879 1307 1911 pa-

167 1939 302 1963 rentum
326 1942 344 1962 e
369 1928 551 1971 Paradis03
575 1938 746 1962 terrenum
771 1940 895 1971 corpus
920 1935 954 1959 et
967 1927 1111 1959 mortale
1131 1927 1305 1961 animabus

167 1991 379 2036 impositum,
402 2003 465 2036 per
488 2000 635 2024 scorteas
658 1989 798 2029 tunicas,
821 1988 943 2034 quibus
960 1989 1130 2022 Adamum
1155 1999 1187 2022 et
1199 1989 1303 2023 Evam

165 2053 262 2087 Deus
285 2052 405 2086 induit.

260 2209 292 2252 ¹)
317 2207 403 2240 Edd.
429 2206 561 2239 Huetii:
588 2219 655 2238 non
681 2206 769 2239 enim
798 2207 972 2240 evidenter
997 2207 1039 2239 de
1064 2206 1113 2240 his
1139 2216 1201 2240 etc.

256 2263 292 2308 ²)
316 2263 387 2297 Csr.
412 2261 506 2303 Orig.
533 2261 660 2295 Homil.
689 2263 745 2296 IV.
771 2262 804 2296 in
827 2262 972 2297 Jesaiam
996 2276 1087 2296 num.
1114 2263 1142 2299 1.
