1403 2492
206 99 270 136 178
537 97 650 132 Pzrm
677 97 847 132 Damus
873 98 1006 133 Ηυετιι

207 189 359 223 amissam
384 187 630 222 beatitudinem
654 200 855 234 recuperare
878 201 995 234 posse:
1024 187 1101 222 »Ex
1127 188 1267 234 quibus,
1291 189 1342 224 in·

206 251 280 297 quit
304 263 396 284 num.
422 249 467 290 2..
491 249 666 292 existimo,
690 260 794 296 prout
819 263 880 294 ego
904 251 1030 284 sentire
1060 263 1222 297 possum,
1254 250 1343 285 hunc

205 313 362 347 ordinem
386 312 524 346 humani
550 312 681 357 generis
704 311 918 355 institutum,
943 313 1000 359 qui
1024 312 1143 359 utique
1165 312 1201 347 in
1223 312 1341 347 futuro

203 375 353 417 saeculo,
378 375 434 409 vel
466 374 781 422 supervenientibus
810 375 968 417 saeculis,
1007 388 1084 410 cum
1115 374 1252 410 coelum
1282 387 1345 408 no-

205 452 288 473 vum
313 448 347 472 et
371 447 459 473 terra
482 451 572 472 nova
596 437 828 484 secundum1)
857 438 1003 473 Jesaiam
1037 438 1118 479 erit,
1149 437 1344 472 restituetur

202 502 238 536 in
274 501 370 536 illam
411 502 594 544 unitatem,
642 514 743 547 quam
781 501 953 547 promittit
994 501 1165 535 Dominus
1204 499 1342 534 ,lesum

203 565 378 609 Quasdam
402 574 576 610 praeterea
607 563 639 597 in
665 573 792 597 tantam
815 564 860 597 ait
886 563 1061 598 devenisse
1083 562 1280 609 nequitiam,
1306 571 1344 595 ut

205 627 371 662 virtutum
395 628 596 662 coelestium
624 627 851 661 eruditionem
877 627 1012 672 penitus
1035 636 1212 672 respuant,
1236 626 1343 671 iisque

201 700 408 736 repugnent3
432 701 532 737 atque
557 691 631 724 ilias
647 686 697 724 ab
720 689 898 736 Apostolis
921 689 1062 724 virtutes
1083 689 1265 724 contrarias
1286 701 1345 734 ap-

203 754 340 799 pellari‚
366 755 456 788 unde
481 753 678 788 mortalium
709 753 796 788 vitae
828 753 1010 787 certamina
1040 762 1074 786 et
1105 765 1227 795 agones
1260 750 1344 785 exsi-

200 826 302 852 stunt.
352 817 443 850 Tum
469 817 573 850 docet
596 816 631 850 in
655 815 825 863 praesenti
859 825 893 850 et
915 816 950 850 in
973 817 1091 850 futuro
1114 814 1250 850 saeculo
1275 814 1343 848 sin-

200 880 294 922 gulas
334 879 473 913 diversis
514 879 686 922 castigatas
724 878 920 925 suppliciis,
959 877 1118 922 angelicis
1154 877 1341 923 disciplinis

200 942 385 984 emendari,
411 943 522 976 donec
545 942 589 976 ad
611 942 761 988 perfecta
787 951 819 975 et
844 951 976 975 aeterna
999 940 1215 987 perveniant:
1241 953 1341 986 quem

201 1005 317 1039 locum
343 1018 412 1038 non
438 1004 544 1038 semel
569 1017 669 1050 supra
694 1004 902 1038 adduximus.
951 1003 1105 1038 Tandem
1129 1003 1165 1037 in
1189 1016 1229 1037 eo
1255 1002 1343 1036 desi-

198 1068 267 1108 nit,
308 1080 376 1100 non
409 1068 621 1101 interituram
655 1067 792 1113 quidem
825 1067 859 1100 in
893 1067 958 1101 sine
988 1078 1102 1100 rerum
1127 1065 1341 1112 corporalem

199 1139 362 1170 naturam,
387 1130 446 1162 sed
471 1139 640 1163 mutatum
665 1129 706 1162 iri
731 1129 874 1163 aetheris
907 1130 942 1163 in
972 1130 1134 1172 modum,
1166 1138 1199 1162 et
1230 1128 1342 1162 coele-

199 1202 285 1225 stem
330 1192 499 1238 quandam
538 1192 762 1226 subtilitatem
798 1205 836 1225 ac
874 1191 1095 1236 splendorem
1132 1190 1340 1236 adepturam.

198 1255 319 1289 Multis
353 1255 454 1289 etiam
486 1265 722 1298 argumentum
754 1254 843 1288 istud
884 1255 1041 1300 explanat
1072 1254 1147 1288 libr.
1180 1254 1225 1288 11.
1257 1256 1340 1301 περὶ

196 1318 322 1363 ἀρχῶν
347 1331 420 1363 cap.
446 1317 492 1361 3.,
518 1311 650 1363 sibique
675 1317 907 1363 quaerendum
924 1316 1100 1363 proponit,
1124 1326 1239 1350 utrum
1262 1326 1341 1362 post

195 1381 284 1414 hunc
316 1381 481 1414 mundum
515 1380 645 1413 curatio
683 1381 794 1425 aliqua
836 1388 868 1412 et
909 1379 1101 1412 emendatio
1133 1381 1247 1413 sutura
1284 1378 1340 1419 sit,

194 1443 348 1488 asperior
373 1443 511 1488 quidem
537 1442 571 1476 in
596 1456 665 1483 cos,
698 1442 756 1487 qui
781 1442 896 1474 Verbo
922 1441 988 1474 Dei
1018 1454 1153 1476 rnorem
1175 1453 1246 1476 non
1269 1454 1340 1484 ges—

195 1516 322 1546 serunt,
347 1518 423 1548 erga
449 1515 580 1538 ceteros
607 1518 687 1537 vero
714 1504 857 1537 mollior
890 1513 922 1536 ct
956 1504 1084 1545 lenior,
1117 1504 1175 1550 qui
1207 1504 1273 1550 jam
1304 1504 1338 1536 in

194 1568 308 1600 studio
333 1567 496 1606 veritatis,
521 1567 604 1600 dum
631 1567 799 1606 viverent,
826 1566 973 1606 subacti,
998 1566 1338 1612 diviuae.sapientiae

194 1630 387 1674 capaciores
414 1629 531 1662 effecti
556 1639 660 1676 suntz-
685 1639 800 1662 utrum
832 1629 933 1661 ctiam
969 1629 1043 1662 finis
1077 1628 1230 1661 omnium
1254 1629 1339 1662 hanc

194 1692 297 1725 vitam
331 1692 373 1724 sit
400 1701 602 1737 exceptura,
645 1691 729 1725 alius
767 1704 846 1724 vero
880 1691 1025 1724 muudus
1057 1690 1190 1724 futurus
1224 1691 1268 1724 ait
1297 1691 1338 1724 ad

193 1768 251 1787 eos
277 1754 507 1796 corrigendos,
534 1755 593 1800 qui
618 1754 654 1787 id
677 1753 789 1787 meriti
815 1763 901 1791 sunt,
956 1753 1051 1787 Hanc
1084 1753 1206 1788 deinde
1242 1765 1341 1787 excu-

191 1819 233 1849 tit
258 1817 477 1862 opinionem,
520 1831 605 1863 quae
640 1803 841 1863 corpoream
875 1825 1029 1850 naturam
1059 1816 1094 1850 in
1126 1816 1195 1850 fine
1224 1827 1338 1849 rerum

189 1881 325 1924 penitus
351 1880 385 1913 in
409 1880 555 1914 nihilum
580 1880 800 1923 redigendam
821 1888 1009 1923 asseverat3
1032 1891 1134 1924 quam
1151 1876 1337 1912 edisserens

189 1942 235 1974 ait
259 1955 352 1976 num.
377 1941 409 1976 2.
460 1943 574 1976 »Haec
598 1943 742 1976 materia
777 1941 949 1987 corporis,
981 1954 1068 1987 quae
1100 1954 1190 1975 nunc
1222 1954 1339 1975 corru-

188 2004 319 2048 ptibilis
345 2014 406 2045 est,
431 2004 550 2038 induet
574 2004 891 2050 incorruptionem,
925 2017 1002 2037 cum
1031 2003 1185 2050 perfecta
1215 2002 1336 2043 anima,

188 2076 221 2098 et
245 2067 461 2109 dogmatibus
486 2067 755 2112 incorruptionis
775 2066 935 2100 instructa
950 2066 1001 2100 uti
1027 2079 1064 2099 ea
1076 2064 1110 2111 2)
1136 2065 1333 2111 coeperim«

185 2129 356 2174 docetque
389 2129 535 2163 animam
577 2129 733 2174 corporis
769 2129 1006 2163 indumentum
1042 2129 1207 2170 suturam,
1249 2139 1333 2173 quae

280 2252 311 2298 ¹)
337 2252 425 2286 Edd.
452 2251 587 2285 Huetii:
613 2254 805 2288 secundnm
835 2266 952 2288 omues
976 2254 1042 2301 jam
1067 2251 1232 2298 coeperit.

272 2309 309 2352 ²)
330 2307 393 2342 Ed.
421 2307 546 2341 Ruaei:
573 2321 624 2342 eo.
