1403 2492
401 98 714 129 Ontonmauonum
740 94 852 128 Lmen
868 95 910 128 tt.
1158 96 1225 132 217

89 187 122 219 in
147 186 214 219 suis
240 186 472 231 Apologcticis
498 197 633 226 magnus
647 184 830 226 Gregorius
849 184 894 217 ita
920 183 1058 230 reliquit
1082 185 1223 230 scripta:

87 248 175 281 Mihi
200 247 334 280 videtur
355 261 407 280 res
431 260 497 280 non
517 246 601 285 vilis,
625 259 687 278 nec
714 247 971 286 contemnenda,
996 247 1074 279 dare
1088 246 1121 280 in
1139 257 1225 280 tem-

86 323 173 354 pore
198 309 380 354 unicuique
405 309 595 342 dimensum
621 306 800 346 orationis,
835 317 866 340 et
899 308 1091 352 dispensare
1115 308 1148 341 in
1173 308 1225 354 ju-

89 371 180 404 dicio
206 371 381 403 veritatem
413 380 608 403 nostrorum
641 369 858 410 dogmatum,
895 382 979 413 quae
1011 370 1052 402 de
1083 371 1223 411 mundo,

87 442 144 466 aut
168 433 210 465 de
235 431 694 477 mundis*philosophamur,
721 431 762 462 de
787 430 945 470 materia,
971 431 1012 463 de
1036 431 1156 472 anima,
1181 433 1222 465 de

87 494 317 536 intelligentia,
345 503 378 526 et
402 493 527 526 naturis
557 491 841 534 intelligentibus,
874 501 942 524 tam
972 494 1224 537 praestantiori-

86 557 159 595 bus,
184 569 284 600 quam
309 556 548 596 deterioribus;
573 555 614 586 de
639 553 871 598 providentia,
905 567 989 598 quae
1014 555 1126 588 omnia
1152 557 1224 588 col—

89 618 169 659 ligat
194 631 278 662 quae
304 617 459 649 videntur
481 615 615 648 evenire
639 615 789 656 ratione,
822 624 855 647 et
880 628 1099 662 quaecunque
1124 632 1223 662 prae-

88 688 140 711 ter
170 679 335 711 rationem
369 677 566 710 inferiorem
605 687 638 710 et
669 677 864 710 humanam:
903 686 935 709 et
967 691 1052 723 quae
1075 689 1226 724 praeter-

88 754 127 773 ea
152 741 193 773 de
218 739 325 785 prima
349 747 463 770 nostra
495 738 758 782 constitutione,
791 738 990 783 figurisque,
1015 749 1048 772 et
1072 740 1223 780 veritate,

86 811 119 834 et
143 800 360 840 testamentis,
385 809 418 832 et
445 799 570 832 Christi
599 800 713 844 primo
747 801 912 840 adventu,
938 809 972 833 et
994 802 1163 834 secundo:
1188 802 1222 834 in

85 863 134 896 his
159 863 249 896 enim
274 872 307 895 et
331 862 464 906 assequi
489 871 538 894 est
563 875 633 894 non
657 862 796 902 inutile,
823 871 856 894 et
878 875 948 894 non
973 863 1103 908 assequi
1129 873 1224 896 vacat

84 915 278 970 periculo-A
335 924 411 956 Hoc
434 923 648 966 =origenistis
684 924 889 969 praesidium
921 923 1053 968 eripere
1083 934 1225 957 conatur

87 986 243 1034 Aloysius
267 985 473 1030 Lipomanus
498 986 700 1018 Veronensis
733 986 930 1031 episcopus;
960 987 1019 1018 sed
1056 986 1224 1031 quidquid

85 1056 197 1080 tamen
220 1034 350 1087 afferat:
376 1047 510 1079 videtur
533 1047 568 1079 id
586 1046 651 1079 sibi
667 1047 812 1080 voluisse
831 1047 1026 1089 Gregorius,
1050 1047 1107 1081 has
1124 1061 1225 1092 quae-

84 1110 210 1142 stiones
234 1110 388 1141 nondum
420 1108 497 1140 satis
528 1107 696 1152 liquidas,
729 1122 791 1141 nec
823 1122 884 1153 per
914 1108 1091 1141 ecclesiam
1123 1108 1224 1140 fuisse

86 1170 364 1215 circumscriptas.
413 1169 506 1212 Quid
530 1170 594 1201 hoc
620 1179 669 1202 est
691 1179 824 1209 autem,
851 1169 943 1214 quod
967 1169 1096 1201 ibidem
1119 1169 1224 1213 subji-

87 1232 133 1266 cit
157 1232 328 1278 Cyriacus,
353 1231 556 1264 existimasse
581 1231 788 1272 Origenistas
813 1231 910 1271 illos,
942 1231 1035 1275 quod
1067 1231 1120 1263 »in
1154 1231 1224 1276 pri-

86 1294 211 1327 stinum
242 1303 365 1327 statum
397 1292 643 1325 resurrectione
675 1301 856 1337 poterunt,
896 1305 1115 1337 quaecunque
1146 1302 1224 1326 sunt

86 1356 216 1388 ratione
241 1354 404 1400 praedita,
429 1355 470 1387 ad
496 1355 677 1387 daemones
702 1367 808 1399 usque
832 1354 991 1386 fabricari
1015 1357 1161 1395 Aeones,
1187 1354 1222 1387 id

89 1426 147 1457 est,
171 1416 326 1450 saecula?
349 1418 433 1449 Nam
458 1418 603 1455 Aeones,
627 1416 757 1460 aliaque
782 1415 1097 1448 Valentinianorum
1114 1429 1223 1461 τερα-

87 1477 244 1522 τεὺματα
271 1477 432 1519 Origenes
454 1477 534 1510 satis
558 1479 783 1510 aversabatur.
832 1476 1016 1518 Gregorius
1041 1477 1127 1509 alter
1144 1478 1223 1511 Ori-

87 1540 258 1582 geniauam
282 1539 482 1572 sententiam
506 1541 632 1584 absque
663 1539 733 1572 ulla
764 1539 976 1572 dubitatione
1007 1539 1224 1583 amplectitur

86 1602 120 1634 in
151 1602 378 1646 disputatione
411 1602 453 1634 de
491 1602 600 1634 anima
632 1611 665 1634 et
702 1601 966 1641 resurrectione,
1003 1614 1067 1646 qua
1097 1602 1224 1634 animas

86 1673 231 1696 exemtas
257 1665 474 1708 corporibus,
500 1673 533 1696 et
557 1664 737 1696 daemones
762 1676 910 1708 quoque,
936 1663 1030 1695 omui
1057 1664 1140 1696 olim
1166 1665 1224 1696 dc-

86 1725 197 1769 posita
228 1724 409 1756 vitiositate
441 1724 612 1757 Christum
646 1737 715 1757 esse
749 1726 960 1757 confessuros
992 1725 1158 1758 declarat:
1190 1733 1224 1759 et

87 1786 154 1818 alio
182 1786 423 1818 dissertationis
448 1785 598 1831 ejusdem
623 1786 701 1818 loco
725 1786 839 1818 Deum
868 1786 915 1818 ait
936 1799 1006 1818 non
1029 1787 1128 1819 aliter
1152 1800 1223 1819 esse

90 1861 188 1892 posse
215 1848 327 1880 omnia
351 1848 386 1880 in
409 1849 574 1887 omnibus,
599 1847 688 1893 juxta
706 1848 865 1892 Apostoli
886 1848 1096 1889 sententiam,
1122 1846 1221 1893 qnam

92 1911 206 1942 evulsa
230 1910 380 1942 funditus
406 1920 439 1943 et
463 1910 641 1955 exstirpata
666 1910 760 1942 omni
784 1910 946 1954 nequitia.
994 1910 1072 1942 Alia
1099 1911 1222 1943 deinde

90 1972 258 2016 permulta
282 1972 358 2004 liuic
382 1972 587 2004 adstruendo
614 1973 782 2014 congerit,
815 1985 898 2016 quae
931 1971 1083 2004 vitandae
1109 1985 1222 2006 caussa

90 2033 293 2078 prolixitatis
330 2043 516 2078 praetereo.
581 2034 813 2067 Cateclieticae
851 2042 1024 2078 praeterea
1060 2035 1223 2069 orationis

90 2096 198 2139 capite
224 2096 318 2129 Vlll.
344 2105 421 2139 post
450 2096 535 2129 lianc
566 2096 666 2129 vitam
700 2095 807 2129 curari
832 2109 849 2128 a
872 2097 949 2128 Deo
976 2109 1096 2139 pravos
1121 2098 1223 2131 animi

91 2158 232 2189 assertus
256 2157 412 2196 affirmat,
440 2157 498 2201 qui
522 2155 554 2189 in
581 2158 640 2190 hac
666 2158 730 2191 vita
755 2158 862 2190 sanari
886 2172 947 2202 per
972 2157 1129 2191 virtutem
1154 2173 1223 2193 non

89 2228 284 2262 potuerunt.
332 2219 420 2250 Tum
446 2232 516 2262 cap.
542 2219 666 2252 λΧἫ.
700 2233 765 2252 non
798 2219 950 2252 homines
984 2221 1139 2253 duntaxat
1164 2236 1222 2254 nc-

91 2293 202 2324 quatu,
227 2289 257 2312 et
284 2279 423 2324 impios,
448 2281 505 2312 sed
531 2280 658 2324 peccati
686 2282 784 2314 cti-'uu
809 2291 981 2315 auctorem
1007 2283 1180 2316 diabolum
1207 2298 1225 2316 a
