1403 2492
166 90 213 124 86
502 93 613 128 Pe'rm
640 94 815 127 DAmssms
840 93 970 127 Ηυετιι

174 180 298 214 erroris
323 183 538 229 principem?
568 185 734 218 Doctrina
758 193 815 216 tua
839 183 997 226 Origenis
1021 183 1230 216 ramusculus
1255 192 1316 215 est.

175 242 212 274 ln
239 255 280 275 eo
308 245 397 278 enim
422 246 578 288 Psalmo,
610 247 668 280 ubi
694 245 857 289 scriptum
883 254 950 285 est,
980 245 1034 288 (ut
1059 244 1101 276 de
1128 244 1246 277 ceteris
1271 254 1318 276 ta-

177 307 313 350 ceam:)
355 308 554 354 »nlnsuper
574 311 605 354 ¹)
648 319 680 342 et
717 321 824 352 usque
855 307 896 340 ad
936 316 1073 340 noctem
1122 305 1319 339 erudierunt

176 378 231 398 me
255 380 352 402 renes
376 370 488 403 mei:«
503 385 520 400 «
555 371 669 404 asserit
694 371 803 402 virum
827 378 998 408 sanctum,
1030 369 1072 401 de
1098 380 1246 413 quorum
1270 367 1319 400 vi·

178 427 305 462 delicet
337 441 370 464 et
402 442 438 465 tu
468 446 612 466 numero
638 446 689 474 es,
723 445 799 465 cum
822 432 864 464 ad
890 430 1052 463 virtutum
1077 429 1208 463 venerit
1229 442 1320 461 sum-

178 490 350 533 mitatem,
389 508 430 528 ne
462 494 496 527 in
528 505 629 528 nocte
655 487 791 539 quidem
819 506 856 526 ea
892 492 980 538 pati,
1021 505 1106 538 quae
1142 490 1319 524 homiuum

178 562 266 593 Sum,
290 567 352 588 nec
378 557 582 599 cogitatione
607 557 769 590 vitiorum
793 556 906 601 aliqua
925 554 1101 588 titium-iz«
1128 563 1162 587 et
1185 553 1220 586 in
1236 553 1322 586 Pro-

182 613 296 647 oemio
322 617 536 661 dialogorum
561 620 720 652 adversus
731 617 948 663 Pelagianos:
978 615 1097 648 „Illud
1113 625 1227 648 autem
1244 614 1325 648 Ori-

183 675 276 716 genis
299 680 481 724 proprium
507 680 807 726 est,'impossibile
833 692 920 719 esse,
951 679 1131 711 humanam
1157 691 1175 711 a
1198 677 1325 723 princi-

183 737 241 779 pio
267 752 374 785 usque
403 743 446 775 ad
470 752 618 777 mortem
649 756 718 776 non
747 754 890 787 peccare
923 750 1095 781 naturam3
1127 749 1161 772 et
1191 751 1324 772 rursum

187 812 256 832 esse
282 803 463 846 possibile,
489 819 565 839 cum
591 819 626 839 se
651 805 772 850 aliquis
796 804 838 836 ad
862 802 1005 836 meliora
1030 802 1252 843 converterit,
1283 801 1325 833 ad

185 870 311 896 tantam
333 866 572 900 fortitudinem
597 867 796 912 pervenire,
810 875 855 898 'ut
877 865 966 898 ultra
989 877 1130 909 peccare
1153 876 1223 896 non
1247 876 1328 908 pos-

186 923 271 957 sit:«
315 936 347 960 et
383 928 416 962 in
452 929 639 963 Prooemio
678 928 757 961 libri
789 929 845 975 lV.
888 927 1082 961 Comment.
1123 925 1158 959 in
1197 926 1325 959 Jerem.

190 987 374 1023 »Haeresis
398 992 608 1037 Pythagorae
635 1000 667 1023 et
691 990 839 1023 Zenonis
868 989 1049 1028 ἀπαθείας
1071 990 1134 1023 καὶ
1155 987 1326 1033 ἀναμαρ-

187 1055 327 1091 Ίησίας,
361 1052 395 1086 id
421 1063 487 1095 est,
522 1052 847 1099 impassibilitatis²)
882 1061 915 1084 et
946 1051 1208 1095 impeccantiae,
1244 1061 1328 1093 quae

189 1111 271 1144 olim
296 1112 330 1145 in
356 1114 523 1158 Origene,
555 1125 588 1149 et
620 1116 749 1148 dudum
780 1114 815 1147 iu
839 1113 1016 1159 discipulis
1039 1112 1128 1158 ejus,
1159 1111 1328 1152 Grunni0‚

190 1175 368 1217 (Rufinum
403 1178 595 1223 intellige),
632 1176 846 1220 Evagrioque
878 1175 1044 1214 Ροῃῑίεο,
1083 1183 1116 1206 et
1146 1173 1329 1206 Joviniano

191 1234 336 1279 jugulata
368 1250 434 1280 est,
472 1240 586 1285 coepit
617 1239 828 1272 reviviscere.
842 1251 858 1265 «
914 1236 1044 1270 Multos
1077 1236 1202 1269 erroris
1233 1235 1331 1281 hujus

191 1299 308 1332 affines
348 1302 449 1335 fuisse
486 1297 582 1335 notat
606 1301 640 1334 in
666 1301 754 1333 libro
786 1308 967 1344 sequente,
1008 1299 1042 1331 in
1066 1299 1193 1331 Jerem.
1216 1298 1330 1331 XXll.

191 1361 364 1395 Palladius
388 1377 525 1409 quoque
556 1362 865 1407 Helenopolitanus
897 1361 1095 1405 episcopus,
1125 1373 1228 1405 quem
1252 1360 1333 1393 Ori-

193 1424 283 1464 genis
309 1425 487 1470 disciplina
511 1426 681 1458 imbutum
705 1423 809 1456 fuisse
835 1431 980 1462 constat,
1005 1422 1040 1455 in
1064 1423 1126 1455 hac
1151 1422 1334 1462 ἀπαθείας

193 1486 321 1519 haeresi
353 1497 501 1521 versatus
535 1497 600 1528 est3
640 1500 717 1519 nam
750 1486 839 1519 Sect.
871 1484 901 1519 8.
940 1484 1118 1517 Lausiacae
1151 1484 1336 1524 Historiae,

195 1550 436 1596 Ammonis,³)
472 1551 646 1596 ipsiusque
685 1547 799 1580 uxoris
837 1548 984 1580 scribens
1023 1546 1150 1586 vitam,⁴
1187 1546 1235 1579 sic
1271 1546 1333 1578 ait:

197 1611 312 1644 »'Cum
337 1611 419 1645 haec
443 1613 490 1645 sic
514 1613 644 1651 fierent,
682 1620 714 1643 et
740 1609 946 1654 pervenisset
968 1617 1111 1653 uterque
1136 1607 1179 1640 ad
1202 1607 1337 1653 impati-

195 1672 382 1715 bilitatem,
417 1675 484 1708 vim
518 1684 550 1707 ct
583 1661 770 1706 efficaciam
795 1671 942 1704 habuere
967 1682 1085 1715 preces
1109 1670 1334 1703 Ammonist«

197 1743 230 1767 et
254 1736 345 1770 sect.
371 1737 424 1771 12.
460 1738 503 1770 de
542 1737 726 1769 Ammonio
767 1746 884 1776 agens,
921 1732 1059 1779 ejusque
1091 1732 1264 1765 sororibus
1298 1745 1336 1765 ac

195 1797 366 1838 fratribus,
391 1812 475 1844 quos
501 1799 640 1838 eosdem
666 1809 736 1830 esse
761 1787 901 1835 censen,
927 1794 985 1840 qui
1010 1796 1128 1827 fratres
1152 1794 1260 1837 Longi
1285 1794 1338 1827 di-

200 1858 243 1891 cti
268 1869 362 1900 sunt,
395 1870 429 1894 et
452 1874 470 1894 a
493 1859 690 1905 Theophilo
714 1857 843 1897 Ninia,
875 1866 908 1889 et
944 1859 1100 1903 Aegypto
1133 1856 1265 1901 expulsi
1296 1856 1338 1888 ad

196 1921 364 1955 Joannem
390 1922 672 1971 Chrysostomurn
698 1921 942 1961 confugerunt:
977 1919 1018 1951 de
1046 1917 1250 1957 Ammonio,
1290 1917 1341 1949 in-

200 1995 312 2028 quam,
338 1984 382 2018 ita
407 1986 542 2019 scribitz
578 1985 681 2018 »Hoc
712 1982 743 2015 ei
773 1994 835 2014 suo
869 1980 1032 2023 suffragio
1059 1980 1228 2013 tribuebat
1252 1979 1340 2012 Eva-

201 2045 300 2085 grius,
324 2046 381 2091 qui
405 2057 476 2080 erat
500 2047 551 2080 vir
570 2043 783 2079 discernendi
813 2043 844 2075 vi
873 2043 1058 2089 praeditus,
1089 2043 1228 2087 (nempe
1249 2039 1340 2071 Pon-

298 2183 328 2225 ')
354 2183 477 2215 Psalm.
501 2182 594 2221 xvi,
620 2181 650 2215 7.
677 2181 786 2225 (XV.)

295 2235 330 2281 ²)
358 2238 444 2271 Edd.
471 2237 604 2270 Huetii:
632 2235 924 2281 impossibilitatis.

297 2294 327 2334 3)
354 2295 439 2327 Edd.
466 2294 566 2327 Huet.
592 2294 656 2325 hoc
684 2294 763 2325 loco
791 2301 823 2325 ct
848 2288 1084 2334 subsequenti*
1113 2287 1264 2320 Amonis.
