1403 2492
175 53 219 90 M
508 57 620 91 Perru
652 58 825 93 DAmssus
850 59 983 94 numu

173 150 228 183 vel
255 150 360 190 bono,
388 147 442 181 vel
465 148 556 181 malo
582 161 651 181 esse
676 158 820 193 potcst.«
865 149 1017 182 Humilia
1032 160 1205 195 praetcrea
1222 151 1315 186 xm.

175 212 210 244 in
234 213 335 244 Num.
359 223 450 243 num.
476 209 507 244 7.
545 210 767 244 daemonibus
805 211 1007 255 permissum
1046 211 1145 245 liberi
1185 214 1317 246 arbitrii

173 273 226 306 sui
251 285 348 305 usum
374 271 481 305 verbis
514 273 688 318 conceptis
719 272 838 314 tradit,
872 286 940 318 quo
964 273 991 306 si
1017 273 1203 308 diminutus
1231 285 1317 309 essct

173 349 192 368 a
217 336 314 378 Deo,
347 333 412 366 hoc
436 332 511 378 ipso
537 347 618 367 vero
644 334 710 380 jam
737 334 932 368 damnatum
966 334 1065 368 illum
1096 336 1191 379 sore;
1223 346 1257 370 at
1280 337 1318 370 id

172 397 326 430 nondum
355 395 533 437 contigisse
558 395 786 437 existimabat,
815 407 853 430 ut
884 396 1042 431 vidimus.
1096 399 1210 443 Atque
1234 399 1316 432 haec

173 458 396 501 origenianae
422 458 463 489 de
489 457 644 490 libertate
670 458 844 491 doctrinae
880 458 1048 504 principia
1071 459 1138 493 suis
1162 459 1318 494 laborant

171 521 272 561 vitiis,
298 532 383 565 quae
407 532 470 552 nos
496 515 742 552 collocabimus
773 519 806 552 in
832 521 1037 565 propatulo;
1067 522 1126 554 sed
1152 531 1186 555 et
1209 522 1318 568 impa-

172 593 240 616 ctas
265 583 306 615 ab
330 581 404 614 aliis
428 593 662 625 proponemus
688 581 960 622 criminationes,
985 592 1038 622 et,
1067 582 1095 615 si
1120 582 1166 616 ita
1189 596 1243 617 res
1266 584 1318 617 se-

171 655 234 686 ret,
259 645 439 683 diluemus,
463 652 500 675 ut
524 655 633 687 aequo
658 643 732 690 jure
756 643 790 676 in
824 644 982 695 ornnihus
1007 657 1085 677 cum
1109 646 1314 679 Adamantio

171 720 307 750 agamus
339 714 477 745 nostro,
519 717 562 737 ne
599 704 676 749 plus
717 704 771 737 vel
796 704 923 745 favori,
960 705 1013 738 vel
1043 707 1316 747 malevoiemiae,

171 783 273 816 quam
305 766 440 801 veritati
474 766 624 799 tribuere
656 766 840 800 videamur.
887 767 957 801 Sed
989 767 1152 801 lectorem
1177 782 1316 802 monea-

170 846 246 866 mus
271 830 423 869 interim,
458 828 727 874 quotiescunque
758 829 800 861 de
832 828 1036 871 Origeniana
1061 830 1219 863 libertate
1242 843 1314 863 me-

169 892 398 932 morabimus,
432 903 500 923 non
526 903 599 923 eam
625 891 784 924 duntaxat
808 891 933 924 debere
958 890 1122 934 intelligi,
1146 905 1210 937 qua
1235 905 1315 935 gau-

170 956 252 989 dent
276 951 450 996 homines,
485 953 544 985 sed
576 952 670 986 illam
697 953 819 994 etiam„
850 966 916 998 qua
939 953 1048 996 angeli
1074 962 1107 986 et
1131 954 1313 988 daemones

169 1018 345 1050 fruuntur:
376 1028 455 1048 nam
485 1028 547 1060 par
580 1027 650 1048 esse
683 1016 775 1060 apud
809 1028 927 1049 omncs
960 1015 1038 1049 illos
1072 1015 1172 1049 liberi
1203 1015 1255 1062 jus
1279 1025 1314 1049 et

170 1091 267 1111 usum
293 1076 425 1110 arbitrii
450 1077 634 1110 sexcenties
660 1077 870 1110 asseveravit.

262 1139 324 1172 Ill.
373 1138 552 1172 Cornelius
576 1138 774 1179 Jansenius,
803 1139 837 1172 in
863 1141 963 1180 libro,
1000 1139 1054 1173 cui
1077 1140 1211 1174 titulus:
1237 1142 1309 1174 Au-

169 1201 329 1245 gustinus,
353 1209 535 1245 postquam
560 1201 650 1233 libro
681 1201 830 1233 secundo
866 1201 970 1236 'sorni
994 1201 1119 1246 prioris
1150 1215 1189 1235 ex
1213 1203 1312 1236 Pela-

169 1264 233 1307 gii,
267 1262 597 1311 Pelagianorumque
632 1262 743 1295 verbis
773 1262 820 1295 sic
851 1262 944 1308 ipsos
976 1263 1165 1298 decrevisse
1194 1265 1311 1298 multis

168 1324 345 1372 probavit,
379 1323 510 1356 arbitrii
542 1324 681 1356 humani
714 1324 907 1357 libertatem
931 1325 1142 1359 indifferenti
1166 1328 1311 1372 quadam

167 1396 336 1434 potestate
361 1395 525 1426 constare,
550 1385 787 1418 adsciscendae
813 1395 846 1419 et
872 1386 1045 1429 eligendae
1070 1388 1119 1420 rei
1144 1388 1244 1422 unius
1268 1389 1310 1422 dc

167 1450 341 1496 pluribus,
381 1461 482 1493 quam
513 1461 582 1480 uno
616 1448 719 1480 verbo
748 1448 1049 1493 »possibilitatem«
1076 1449 1309 1495 appellarunt;

168 1512 259 1546 libro
284 1510 407 1544 deinde
431 1519 526 1543 sexto
550 1509 725 1555 sequenti,
757 1522 830 1553 cap.
857 1509 908 1546 13.
935 1520 968 1544 et
994 1511 1065 1552 15.,
1094 1512 1309 1555 Pelagianam

166 1573 320 1608 haeresin
349 1574 391 1606 ab
429 1572 577 1614 Origene
609 1572 872 1616 praeformatam
903 1573 1005 1606 fuisse
1037 1587 1075 1607 ac
1106 1573 1310 1607 delineatam

165 1636 303 1677 scribit3
335 1635 487 1679 hancque
512 1635 597 1666 adeo
623 1633 787 1675 libertatis
811 1635 1046 1668 definitionem
1075 1649 1113 1668 ex
1138 1635 1209 1681 ejus
1233 1637 1310 1668 son-

166 1697 256 1731 tibus
280 1697 314 1730 in
338 1695 467 1738 Pelagii
493 1695 627 1728 lacunas
649 1696 860 1741 profluxisse,
883 1706 985 1741 atque
1009 1697 1088 1730 inde
1112 1707 1220 1730 totam
1242 1698 1307 1731 Pe-

166 1759 246 1802 lagii
270 1758 422 1792 haeresin
444 1758 604 1802 pendere.
666 1758 746 1790 Veri
778 1758 916 1803 quidem
946 1759 1058 1792 simile
1089 1759 1175 1792 illud
1210 1769 1308 1801 esset,

165 1822 193 1856 si
218 1830 294 1854 ante
318 1820 494 1862 Pelagium
528 1833 614 1853 unus
645 1820 743 1865 liujus
768 1820 940 1865 opinionis
963 1820 1164 1854 architectus
1190 1821 1307 1855 fuisset

166 1894 201 1916 et
224 1892 459 1928 propugnator
483 1881 664 1923 Origenes;
687 1894 804 1914 verum
827 1891 865 1915 ut
890 1882 1013 1915 claram
1031 1892 1167 1916 naturae
1186 1897 1306 1919 vocem

164 1944 444 1990 praetermittam,
469 1957 553 1989 quae
579 1952 650 1976 tum
675 1956 736 1975 nos
762 1943 887 1976 liberos
913 1957 983 1976 esse
1002 1945 1131 1985 suadet,
1157 1959 1233 1978 cum
1251 1947 1305 1979 vel

166 2021 274 2049 agere,
300 2007 353 2039 vel
378 2019 445 2038 non
470 2019 577 2048 agere,
603 2015 635 2037 et
660 2017 743 2048 quae
769 2005 899 2049 optima
925 2007 966 2038 de
984 2006 1100 2039 multis
1119 2007 1231 2040 animo
1246 2009 1304 2040 de-

168 2069 352 2107 crevimus,
385 2067 546 2112 amplecti
577 2080 774 2110 possumus;
805 2077 841 2100 ut
866 2068 1055 2112 priscorum
1081 2069 1304 2114 philosopho-

167 2145 242 2164 rum
268 2129 706 2171 auctoritatemnegligam,
732 2129 789 2174 qni
815 2129 992 2172 diligenter
1017 2131 1179 2176 exquisita
1203 2131 1306 2165 liber—

166 2193 244 2226 tatis
269 2202 396 2230 natura,
422 2191 504 2223 lianc
531 2191 563 2223 in
590 2205 629 2223 co
657 2191 742 2236 ipso,
768 2193 860 2236 quod
886 2192 1049 2233 diximus,
1073 2193 1219 2237 positam
1245 2195 1303 2227 de-

170 2254 355 2295 clararunt3
390 2252 612 2296 Origcuianae
643 2254 826 2287 sententiae
860 2264 995 2299 poterat
1028 2267 1096 2289 esse
1122 2256 1305 2301 pracsidio,
