1403 2492
224 101 289 138 140
551 104 662 138 Pe‘rm
687 105 861 139 omaus
886 106 1014 140 Ηυετιι

223 206 290 238 que
315 206 352 225 ex
378 202 544 227 astrorum
569 195 793 240 dispositione
825 196 1121 242 circumpositum:
1158 197 1236 231 huic
1265 198 1358 231 dete-

224 255 314 287 riora
338 255 468 288 animae
492 257 616 297 munia,
642 257 692 290 illi
720 258 962 302 praestantiora
988 258 1122 292 deberi:
1146 259 1290 303 separari
1315 259 1358 292 il-

224 316 282 349 lud
307 330 549 362 nonnunquam
575 320 615 351 ab
640 319 748 352 anima
775 333 919 365 corpore
950 321 1118 358 exsoluta,
1151 329 1184 353 et
1214 321 1255 353 ad
1287 319 1356 365 pri-

223 379 343 412 stinam
366 379 481 412 sedem
505 381 677 421 revolare3
699 381 764 413 hoc
788 382 829 414 ab
850 382 907 414 illa
925 382 1010 414 solvi
1028 381 1222 427 neutiquam
1246 393 1356 426 poue,

221 441 281 474 sed
305 441 338 473 in
363 440 503 481 Orcum,
528 443 582 474 vel
606 443 694 475 inter
716 443 824 476 sidera
848 453 926 489 post
950 454 1096 477 mortem
1123 443 1225 477 abire.
1271 441 1357 486 Qui-

221 503 352 536 busita
378 504 538 548 expositis
562 505 643 537 haec
675 505 810 538 demum
842 505 1028 551 subjungit:
1062 506 1204 550 »Itaque
1237 503 1358 546 Orige-

220 579 291 606 nes,
314 575 352 598 ut
374 579 448 598 mea
473 566 609 611 quidem
635 568 701 599 sert
724 569 898 608 sementia,
923 580 998 600 cum
1015 566 1160 600 animam
1175 566 1274 599 idolo
1298 565 1359 598 bu—

221 628 369 673 jusmodi
393 627 576 669 vestiisset,
601 630 692 673 quod
719 629 873 674 proprias
904 629 1070 669 artiones,
1100 627 1231 673 sibique
1261 625 1358 659 invo-

222 692 307 723 lutas
339 690 590 730 circumferret,
614 690 687 723 sore
713 691 873 736 subjecit,
899 701 936 724 ut
960 704 1024 723 una
1051 704 1126 724 eum
1143 689 1209 722 hoc
1224 688 1281 721 illa
1304 699 1357 720 re-

221 761 381 794 surgeret,
406 753 588 796 futuroque
613 751 740 798 judicio
765 753 1002 798 subjiceretur:
1037 765 1103 797 qua
1134 751 1168 784 in
1200 763 1236 783 re
1265 749 1357 783 Geu-

223 824 272 847 tes
303 826 441 858 prorsus
471 813 638 855 imitatur;
676 814 828 847 mortalis
860 824 970 847 autem
1000 814 1173 859 metuique
1202 811 1354 856 exposita

224 890 300 910 caro
327 875 502 914 deflueret,
526 885 624 920 atque
651 886 898 910 evanes‹·e1·e.¹t.¹‹

311 937 464 971 Ulterius
487 936 586 969 ctiam
612 937 680 970 abit
704 951 943 983 nonnunquam
959 938 1132 980 Origenes,
1154 950 1192 970 ac
1216 950 1258 969 ne
1284 937 1354 968 sor-

219 1014 310 1034 mam
333 999 471 1045 quidem
490 998 595 1042 ipsam
628 1008 661 1030 et
693 1000 832 1041 figuram
859 999 1060 1045 corporibus
1083 997 1282 1032 suscitandis
1305 997 1356 1030 in-

221 1064 392 1096 haesuram
426 1060 640 1106 pronunti-iu
678 1071 710 1093 et
748 1063 1036 1106 quemadmodum
1067 1077 1084 1094 e
1115 1075 1217 1104 grano
1248 1060 1354 1094 tritici

220 1126 311 1170 spica
332 1123 436 1165 surgit
459 1136 565 1165 grano
585 1122 767 1163 absimilis,
802 1137 863 1157 nec
896 1138 934 1156 ex
968 1125 1032 1157 hoc
1063 1123 1181 1157 transit
1203 1123 1237 1156 in
1261 1122 1354 1155 illam

220 1187 398 1232 quicquam
424 1185 526 1224 aliud,
551 1194 685 1228 praeter
707 1185 874 1219 rationem
898 1186 1051 1226 seminis,
1075 1199 1134 1224 seu
1157 1192 1354 1230 σπινθηρι-

219 1247 326 1295 σμὸν,
348 1247 394 1280 ita
419 1245 557 1291 corpori
581 1257 715 1278 mortuo
740 1246 846 1280 inesse
875 1261 1008 1288 semen,
1038 1248 1132 1293 quod
1155 1246 1357 1290 germinabit

221 1311 401 1345 novissima
425 1314 628 1354 personante
654 1309 749 1347 tuba,
782 1319 814 1342 et
844 1309 937 1342 aliud
968 1311 1010 1342 de
1042 1323 1076 1343 se
1101 1322 1226 1355 corpus
1250 1308 1352 1342 dabit.

222 1359 312 1406 Fuse
336 1372 417 1404 haec
443 1369 595 1402 edisserit
619 1370 846 1416 Hieronymus
870 1371 905 1404 in
930 1385 982 1417 cp.
1007 1373 1166 1404 adversus
1188 1372 1353 1404 Joannem

221 1432 592 1479 Hierosolymitanunn,
625 1441 655 1463 et
681 1432 863 1473 Origenem
894 1433 940 1465 sic
973 1433 1102 1466 inducit
1130 1434 1354 1478 disputantem

222 1510 294 1542 cap.
311 1496 342 1530 ὅ,
383 1512 398 1526 ›·
409 1495 495 1528 Cum
520 1503 631 1526 aulem
657 1493 773 1538 judicii
800 1494 870 1526 die-s
895 1495 1085 1535 advenerit,
1109 1505 1142 1528 et
1165 1495 1197 1527 in
1223 1508 1306 1527 voce
1322 1497 1353 1540 ¹)

221 1557 425 1599 archangeli,
459 1565 490 1587 et
521 1555 553 1587 in
578 1556 759 1588 nox-issima
785 1557 862 1589 tuba
893 1557 1070 1589 tremuerit
1101 1567 1206 1604 terra,
1237 1570 1353 1590 move—

219 1623 344 1654 buntur
368 1617 478 1651 statim
505 1617 650 1656 semina,
682 1627 713 1650 et
745 1618 778 1649 iu
818 1628 945 1663 puncto
972 1621 1073 1652 horae
1099 1629 1254 1652 mortuos
1279 1634 1351 1662 ger-

219 1682 412 1715 minabunt:
442 1692 510 1711 non
541 1675 660 1711 tannen'
687 1681 819 1712 easdem
851 1694 985 1721 carnes,
1019 1694 1080 1714 nec
1112 1682 1145 1714 in
1170 1681 1210 1714 iis
1235 1682 1352 1715 formis

219 1744 410 1781 restituent,
436 1754 519 1786 quae
545 1742 681 1773 fuerunt
703 1758 717 1771 n
756 1740 875 1787 Capite
900 1743 1023 1776 deinde
1046 1744 1210 1788 sequenti,
1231 1744 1276 1776 ita
1303 1745 1353 1776 lo-

217 1808 378 1852 'quentein
403 1803 499 1845 fingit
526 1803 781 1855 Adamantium,
803 1805 953 1845 ossium,
977 1806 1160 1847 sanguinis,
1184 1819 1222 1838 ac
1247 1819 1353 1838 mem-

220 1871 360 1902 brorum
387 1865 595 1908 singulorum
622 1866 796 1910 repudiata
829 1867 1092 1900 resurrectione:
1126 1868 1249 1900 „Nunc
1273 1880 1354 1900 ocu-

222 1931 261 1964 lis
288 1929 461 1966 videmus,
495 1926 630 1961 auribus
650 1927 823 1967 audimus,
855 1928 1007 1961 manibus
1031 1929 1173 1971 agimus,
1209 1930 1352 1975 pedibus

222 1991 451 2029 ambulamus,
475 1988 508 2021 in
533 1988 594 2022 illo
620 1999 731 2021 autem
758 2002 902 2033 corpore
931 1990 1098 2035 spirituali
1128 1991 1194 2025 toti
1223 1991 1353 2024 videbi-

221 2069 314 2092 mus,
339 2051 402 2085 toti
428 2050 621 2090 audiemus,
654 2051 716 2083 toti
742 2051 975 2095 operabimur,
1007 2054 1072 2086 toti
1096 2053 1352 2093 ambulabimus,

222 2127 252 2150 et
281 2113 621 2155 »»t.1·ans{igu1·abit²)
652 2112 820 2145 Dominus
852 2127 975 2159 corpus
999 2115 1197 2149 humilitatis
1220 2110 1352 2149 nostrae

319 2243 348 2285 ¹)
375 2241 444 2272 cfr.
474 2242 481 2271 ι
509 2241 623 2273 Thess.
653 2241 709 2280 w,
736 2241 786 2277 16.

317 2302 350 2339 2)
377 2296 448 2329 es..
477 2297 624 2341 Philipp.
654 2299 714 2337 ιιι,
739 2299 791 2334 21,
