1403 2492
211 74 277 111 190
543 75 655 110 Pam
686 75 861 109 nameus
884 75 1016 111 fluum

210 175 317 198 terrae
343 177 490 207 gemmas
521 165 563 198 ab
596 165 680 199 Isaia
711 165 806 207 LlV,
846 165 897 201 12.
930 165 1136 200 transtulisse
1167 166 1345 201 Platonem

208 227 400 268 arbitratur,
427 240 464 260 ac
488 226 618 272 reliqua
643 227 779 268 itidem,
812 240 896 273 quae
921 228 962 261 ad
988 227 1072 261 hanc
1096 227 1247 262 fabulam
1269 242 1347 275 per-

209 289 336 330 tinent,
376 289 665 334 quemadmodum
703 299 736 322 et
769 303 788 323 a
823 289 944 330 Mose,
980 289 1123 336 aliisque
1161 290 1345 336 prophetis.

209 354 382 394 Aggaeum
407 364 488 385 vero
514 352 714 386 nominatim
740 351 865 394 laudat,
891 352 949 397 qui
975 365 1046 398 cap.
1067 351 1100 389 2.
1123 365 1207 387 vers.
1225 352 1258 388 7.
1282 362 1348 387 ter-

208 427 280 448 ram
304 415 346 448 ab
372 414 476 448 Arida
499 414 675 448 manifeste
701 413 885 457 distinguit.

263 498 268 504 ·
299 477 395 511 XIV.
444 477 666 520 origenianos
692 489 822 510 errores
853 477 949 510 libris
979 478 1064 524 περὶ
1099 478 1224 524 ἀρχῶν
1245 476 1350 510 inser-

209 548 262 572 tos
287 552 488 585 percenscns
514 539 740 586 Hieronymus
765 540 798 572 in
825 539 921 584 epist.
943 539 996 575 59.
1022 541 1063 580 ad
1088 540 1191 582 Avit„
1217 553 1349 573 memo-

208 612 298 635 ratos
325 602 402 634 illos
431 603 471 635 de
497 615 652 648 suprema
680 602 853 643 felicitate,
878 616 915 635 ac
931 602 1071 636 diversis
1090 601 1261 635 felicitatis
1277 615 1349 644 gra-

209 665 307 697 dibus
332 665 471 698 minime
496 664 733 710 praetermisit.
780 664 931 698 Primum
964 665 1062 712 hujus
1100 665 1264 711 epistolae
1295 677 1348 698 ca-

207 737 270 772 put
294 727 359 770 legi
385 727 506 768 velim,
537 742 574 761 ac
606 728 749 761 alterum
774 727 877 768 item,
910 728 1002 774 quod
1034 728 1068 761 in
1092 727 1143 761 his
1168 727 1297 768 verbis,
1329 740 1347 759 e

207 790 272 823 fine
297 790 438 823 secundi
463 791 504 823 de
529 790 709 836 Principiis
734 790 814 823 libri
838 789 970 836 petitis,
996 790 1134 824 desinit:
1168 790 1344 835 »Cumque

207 854 241 886 in
266 863 395 886 tantum
420 853 678 898 profecerimus,
704 862 741 886 ut
766 866 978 898 nequaquam
1008 866 1121 887 carnes
1139 863 1172 886 et
1190 866 1346 899 corpora,

208 916 349 948 forsitan
373 928 414 948 ne
439 915 568 948 animae
594 916 732 961 quidem
758 915 941 957 fuerimus,
974 916 1031 948 sed
1057 927 1150 949 mens
1176 926 1209 949 et
1231 929 1345 950 sensus
1386 925 1391 929 ”

208 979 250 1011 ad
286 978 476 1023 perfectum
508 977 662 1017 veniens,
701 977 864 1022 nulloque
895 978 1190 1023 perturbationum
1226 978 1345 1011 nubilo

207 1041 367 1083 caligans,
399 1039 585 1073 intuebitur
616 1040 813 1084 (legendum
844 1040 1003 1074 sortasse:
1037 1041 1262 1086 intuebimur)
1295 1054 1347 1074 ra-

207 1102 401 1142 tionabiles,
441 1101 738 1147 intelligibilesque
771 1103 970 1136 substantias
1000 1103 1085 1137 facie
1117 1104 1157 1136 ad
1189 1103 1343 1136 faciem.«

206 1165 285 1207 Legi
310 1164 413 1197 velim
439 1173 471 1196 et
497 1174 652 1208 quartum
679 1164 828 1209 ejusdem
855 1174 955 1209 caput
981 1164 1163 1209 epistolae,
1196 1178 1264 1211 quo
1296 1166 1346 1199 di-

205 1227 289 1261 xisse
315 1227 500 1269 Origenem
529 1226 645 1270 prodit
677 1226 924 1274 Hieronymus,
965 1228 1122 1262 adversus
1152 1228 1278 1261 animas
1311 1229 1344 1261 in

206 1303 319 1322 rerum
345 1290 410 1322 fine
436 1289 477 1321 ad
503 1288 686 1322 coelestem
712 1289 925 1322 Hierusalem
944 1299 1167 1335 properantes
1192 1290 1344 1322 adversa·

204 1352 328 1385 riarum
361 1350 600 1384 fortitudinum
635 1351 723 1384 bella
756 1365 972 1395 consurgere,
1003 1365 1044 1386 ne
1075 1352 1260 1385 animarum
1292 1365 1344 1385 re-

203 1415 380 1446 mollescat
406 1414 527 1453 virtus,
559 1415 617 1446 scd
643 1423 678 1445 ut
706 1414 844 1457 prot-liis
871 1414 1034 1447 exercitae
1059 1428 1186 1447 novum
1210 1415 1342 1448 roboris

204 1476 452 1509 incrementum
478 1476 619 1520 capiant.
669 1476 789 1517 Tangit
815 1475 847 1507 id
875 1486 905 1507 et
928 1477 1139 1521 Theophilus
1160 1477 1342 1517 Paschll„

205 1552 283 1571 cnm
314 1539 495 1571 somniasse
534 1538 615 1570 dicit
656 1537 840 1579 Origenem
883 1539 1104 1571 »adscendere
1145 1539 1269 1571 animas
1307 1539 1340 1571 in

203 1602 356 1642 coelum,
389 1610 421 1633 et
447 1601 670 1640 descendere;
703 1610 733 1631 et
759 1613 845 1632 nuuc
872 1598 1050 1644 prolicere,
1076 1595 1164 1634 nunc
1189 1602 1230 1634 nd
1256 1601 1340 1634 inse-

202 1664 291 1697 riora
317 1663 460 1697 delabi«
511 1663 685 1696 Van-iarum
711 1675 846 1708 quoque
865 1663 953 1695 coeli
973 1663 1184 1696 mansionum
1203 1664 1341 1706 figmen-

203 1737 274 1760 tum
299 1726 492 1772 perstringit
516 1726 619 1770 paulo
644 1725 800 1765 inferius,
833 1724 951 1758 dixisse
985 1726 1168 1767 Origencm
1194 1728 1338 1767 tradens,

204 1802 348 1835 corpora
376 1801 480 1833 »quae
506 1797 702 1830 resurgunt,
735 1797 814 1832 post
844 1788 950 1821 multa
982 1787 1113 1821 saecula
1135 1788 1168 1821 in
1193 1788 1338 1822 nihilum

202 1852 434 1892 dissolvenda,
473 1864 534 1884 nec
567 1848 678 1882 sutura
714 1849 859 1894 aliquid,
898 1848 959 1882 nisi
987 1862 1063 1882 cum
1094 1851 1135 1883 de
1161 1851 1338 1884 coelorum

202 1914 430 1948 mansionibus
454 1913 583 1946 animae
609 1913 651 1945 ad
676 1912 836 1945 inferiora
861 1911 1021 1956 dilapsae,
1045 1911 1251 1954 indiguerint
1274 1926 1337 1947 no-

201 1977 270 2018 vis,
295 1990 378 2023 quae
409 1976 473 2010 alia
509 1988 640 2009 rursum
674 1975 771 2015 fiant,
811 1973 981 2019 prioribus
1006 1973 1147 2007 omnino
1172 1974 1334 2010 deletis.«

201 2041 326 2074 Totam
351 2040 434 2073 hanc
461 2038 561 2072 etiam
587 2039 628 2071 de
654 2038 750 2070 coelo
777 2050 888 2076 novo,
921 2046 954 2069 et
977 2045 1065 2070 terra
1088 2049 1192 2079 nova,
1225 2037 1336 2082 deque

203 2102 341 2136 coelesti
367 2102 428 2134 illo
455 2101 594 2140 mundo,
619 2099 714 2146 hujus
741 2099 846 2132 nostri
870 2098 1052 2144 persimili,
1077 2100 1335 2133 commentatio-

201 2179 278 2198 nem
305 2165 456 2198 exsusssat
480 2162 706 2208 Hieronymus
731 2174 801 2206 cap.
825 2161 855 2195 4.
882 2161 978 2206 epist.
1002 2160 1055 2195 59.
1081 2161 1122 2194 ad
1145 2161 1237 2195 Avit.
1289 2163 1333 2194 At

202 2227 371 2260 immerito
398 2226 579 2267 Origenem
605 2224 716 2267 culpat
736 2222 943 2267 Epiphanius
969 2221 1102 2256 Haeres.
1119 2221 1172 2257 64.
1199 2235 1272 2268 cap.
1289 2223 1331 2260 4.,

201 2289 292 2334 quod
318 2286 520 2321 Davidicum
547 2286 630 2318 illud
647 2285 731 2319 Psal.
751 2283 870 2323 CXVI,
886 2285 914 2319 7.
958 2284 1206 2319 uuConvertere
1223 2283 1331 2316 anima
