1403 2492
396 71 708 104 Oateemmonum
734 69 844 103 Lmen
861 70 903 102 Π.
1150 70 1216 104 265

85 157 157 202 Qae
183 160 282 192 verba
308 160 469 192 habentur
490 159 564 193 Gal.
585 160 641 198 IV,
658 159 711 193 21.
749 160 863 203 ltaque
882 159 1045 192 arcessitis
1071 171 1088 190 e
1105 159 1213 191 Paulo

82 221 283 254 testimoniis
306 221 479 263 allegorias
501 233 575 253 suas
600 221 687 253 tueri
713 231 931 253 ronsuevorat
952 220 1134 262 Origenes3
1159 234 1215 253 ve-

84 282 134 314 lut
158 283 219 315 illo
244 282 340 315 Pauli
366 295 382 314 e
409 283 433 316 1.
458 282 537 316 Cor.
561 282 611 321 X,
636 283 665 316 4.
717 283 903 315 »Bibebant
935 292 1046 315 autem
1078 283 1120 315 de
1143 282 1214 326 spi-

82 343 195 376 rituali
220 353 445 389 consequente
471 357 528 376 eos
553 353 668 388 petra;
692 353 787 388 petra
800 353 911 376 autem
930 354 999 377 erat
1013 343 1210 377 Christus:«

82 415 116 438 et
140 405 204 438 isto
230 419 247 438 e
274 407 315 440 ΙΙ.
343 407 422 440 Cor.
446 407 509 449 Ill,
534 405 565 440 6.
617 406 706 449 »Qui
739 416 770 438 et
795 407 938 438 idoneos
962 419 1022 438 nos
1047 406 1127 438 fecit
1150 406 1213 438 mi-

79 467 202 500 nistros
225 467 314 500 Novi
339 467 556 508 Testamenti,
580 480 648 499 non
676 467 809 507 literae,
840 468 897 499 sed
929 468 1085 511 spiritus:
1116 468 1212 501 litera

79 528 169 561 enim
190 529 325 570 occidit,
351 530 497 574 Spiritus
518 538 629 562 autem
655 529 842 561 vivifican«
871 538 904 561 et
927 529 1060 574 reliquo
1089 530 1210 574 capite,

79 603 117 622 ac
142 591 315 635 sequenti,
347 604 385 625 ex
415 604 482 636 quo
515 591 601 624 illud
634 590 816 635 praecipue
848 591 1046 635 usurpabat:
1079 590 1211 624 »Habe-

78 665 151 684 mus
167 653 198 696 ')
222 662 333 685 autem
358 653 548 685 thesaurum
573 652 673 684 istum
700 651 733 684 in
752 652 834 685 vasis
850 651 1056 684 fictilibus:“
1086 662 1120 684 et
1143 653 1209 686 hoe

77 714 178 746 etiarn
203 727 220 746 e
246 714 377 747 Coloss.
403 713 447 753 ΙΙ,
473 713 525 747 16.
551 713 602 748 17.
654 715 782 746 »Nemo
816 726 893 755 ergo
925 727 984 747 vos
1015 713 1143 759 judicet
1176 714 1210 746 in

78 776 166 816 cibo,
190 786 247 809 aut
273 776 306 808 in
331 784 428 819 potu,
452 784 508 807 aut
532 776 565 808 in
591 785 685 820 parte
711 775 796 815 diei,
821 785 877 808 aut
902 775 1121 816 neomeniae,
1153 785 1209 808 aut

74 833 318 869 sabbatorum:
350 850 434 881 quae
467 847 544 870 sunt
567 838 684 870 umbra
710 838 921 880 futurorum,
948 850 1070 882 corpus
1094 847 1209 870 autem

77 893 245 929 Christizn
273 898 413 944 aliisque
438 899 566 942 multis,
593 912 676 944 quae
704 898 779 932 libr.
807 898 862 932 lV.
889 899 930 931 de
961 899 1109 944 Princip.
1135 913 1207 944 cap.

73 955 104 989 2.
140 967 173 990 et
205 959 280 995 libr.
305 960 360 992 lv.
393 969 500 994 contr.
539 960 629 994 Cels.
663 973 755 993 num.
781 961 835 995 44.
868 960 1060 994 recitantur.
1115 963 1209 994 Non-

73 1018 167 1052 nulla
191 1033 328 1065 quoque
351 1023 516 1063 Joannes,
547 1022 710 1055 nonnulla
735 1022 835 1054 etiam
861 1022 1012 1056 Christus
1037 1023 1207 1056 Dominus

71 1081 113 1112 ad
144 1082 338 1124 allegoriam
378 1084 538 1116 trahenda
575 1084 711 1116 docuit:
750 1083 871 1128 quibus
910 1085 1071 1129 exemplis
1101 1086 1207 1118 fretus

74 1142 237 1184 Origenes
269 1145 302 1176 in
334 1145 509 1187 allegorias
540 1154 674 1189 poterat
706 1158 898 1185 excurrere,
932 1145 960 1178 si
991 1147 1131 1178 modum
1157 1156 1206 1179 te-

71 1204 206 1238 nuisset.
245 1208 285 1238 At
311 1207 427 1240 Celsus
453 1205 619 1250 ejusmodi
641 1205 936 1250 interpretationes
954 1207 990 1240 in
1004 1209 1207 1241 calumniam

71 1267 241 1308 trahebat,
274 1281 349 1300 cum
384 1268 512 1300 diceret
544 1268 650 1300 multa
683 1268 716 1300 in
742 1268 926 1312 Scripturis
960 1269 1076 1302 haberi
1100 1270 1205 1302 hone-

69 1329 146 1362 stati
170 1342 304 1362 morum
330 1343 448 1374 parum
475 1339 706 1369 consentanea,
730 1330 838 1375 iisque
854 1330 1091 1372 allegoriarum
1110 1344 1207 1376 prae-

69 1400 196 1424 textum
228 1404 246 1424 a
279 1391 415 1424 Judaeis
448 1400 480 1423 et
512 1390 708 1424 Christianis
742 1392 897 1424 consulto
930 1393 1088 1433 obtendi,
1126 1406 1204 1426 cum

69 1467 203 1487 omnem
229 1463 339 1487 tamen
365 1453 560 1494 allegoriam
586 1463 802 1497 respuerent,
825 1466 864 1486 ac
887 1467 999 1486 merae
1025 1464 1132 1487 essent
1157 1456 1205 1486 fa-

66 1517 176 1549 bulae.
223 1516 422 1560 Respondet
455 1515 617 1556 Origenes
642 1514 674 1546 in
701 1527 772 1547 eam
797 1515 1019 1554 sententiam,
1044 1517 1203 1560 quasdam

65 1578 220 1611 historias
249 1577 447 1610 historicum
486 1577 670 1621 complecti
707 1590 859 1617 sensum,
897 1578 1056 1622 quasdam
1088 1577 1202 1611 dedita

69 1652 172 1684 opera
202 1640 243 1672 ad
274 1639 309 1670 id
346 1652 415 1671 esse
447 1639 605 1682 scriptas,
641 1648 679 1670 ut
703 1638 884 1680 allegorice
911 1639 1200 1683 interpretentur:

67 1702 120 1734 cui
144 1700 258 1733 multis
283 1700 477 1744 Scripturae
503 1699 588 1732 locis
611 1700 714 1731 fidem
738 1699 838 1732 facit..
892 1701 982 1732 Tum
1007 1700 1084 1744 quia
1108 1701 1200 1746 adje-

67 1772 157 1796 cerat
180 1763 296 1796 Celsus
322 1762 527 1806 conscriptas
553 1762 585 1794 in
607 1760 727 1793 Libros
751 1773 860 1793 sacros
884 1762 1058 1803 allegorias
1083 1771 1199 1806 turpes

67 1838 136 1859 esse
161 1835 194 1858 et
217 1825 384 1864 absurdas,
410 1825 474 1856 hoc
499 1824 532 1855 in
558 1823 710 1856 Philonis
735 1824 788 1855 vel
816 1816 1199 1857 AristobuliCommrn-

65 1886 168 1920 tarios
198 1886 320 1932 jactum
354 1886 543 1930 suspicatur
574 1885 737 1927 Origenes
776 1886 816 1918 ab
856 1885 992 1929 impuro
1025 1886 1196 1931 Sophista‚

67 1948 219 1993 quamvis
244 1948 348 1980 multa
373 1947 450 1980 inde
477 1948 600 1980 Graeci
625 1947 826 1992 Philosophi
864 1960 941 1979 suos
974 1947 1006 1979 in
1039 1961 1116 1980 usus
1142 1961 1196 1980 ex-

65 2011 267 2056 cerpserint:
302 2009 505 2042 Numenium
532 2022 669 2054 quoque
699 2009 971 2053 Pythagoreum,
1008 2012 1193 2055 πολλαχοῦ

64 2076 134 2107 τῶν
159 2071 457 2118 συγγραμμάτιον
481 2071 591 2105 αὐτοῦ
617 2072 851 2115 ἐκτιθέμενοι)
865 2070 903 2105 ni
926 2074 1111 2110 ΛΙωϋσέως
1135 2075 1194 2106 καὶ

63 2137 133 2170 τῶν
158 2136 367 2180 προφητῶν,
394 2137 454 2168 καὶ
479 2133 542 2168 οὐκ
567 2131 757 2171 ἀπιθάνως
782 2133 872 2168 αὐτὰ
888 2136 1191 2179 τροπαλογοῦνια.

157 2264 186 2306 ’)
214 2263 243 2295 ll
271 2262 347 2296 Cor
376 2263 428 2301 lV.
457 2263 485 2296 7.
