1403 2492
152 110 219 146 124
488 110 601 143 Pmm
625 109 800 144 Dium-:ms
824 109 956 144 Ηυετιι

151 201 317 235 sideribus
343 198 524 245 placitum,
559 200 823 246 defensoresque
854 200 973 235 habuit
1004 201 1094 235 viros
1125 203 1289 248 quantivis

150 263 251 310 pretii
276 261 486 308 Tychonem,
512 271 543 294 et
567 263 764 307 Keplerum.

243 326 282 357 V.
333 324 535 366 Augustinus
571 324 658 356 libro
683 325 723 358 V.
750 325 791 358 de
818 324 917 359 Cis-it.
941 325 1028 366 Dei,
1055 339 1126 370 cap.
1155 325 1206 366 1.,
1232 338 1289 359 eo-

149 402 225 422 rum
251 387 428 420 confutans
453 386 586 428 dogma,
611 386 669 430 qui
697 386 792 419 »sine
815 387 883 419 Dei
909 387 1081 420 voluntate
1107 387 1289 420 decernere

150 451 334 496 opinantur
357 448 477 488 sidera,
503 448 582 493 quid
607 461 759 490 agamus,
791 449 844 481 vel
870 448 950 494 quid
975 450 1145 482 bonorum
1170 449 1293 481 habea-

149 527 240 553 mus,
273 512 484 544 malorumve
521 511 732 555 patiamur,«
772 511 853 543 haec
885 510 1072 556 subjungit:
1107 511 1240 555 »Quod
1264 510 1292 544 si

150 576 310 608 dicuntur
339 573 456 606 stellae
489 572 677 614 significare
708 574 822 617 potius
854 573 939 613 istaJ
967 586 1066 618 quam
1093 573 1223 613 facere,
1253 581 1292 604 ut

149 637 242 682 quasi
269 635 398 668 locutio
432 635 595 679 quaedam
632 633 674 667 sit
705 634 763 667 illa
795 635 921 680 positio
946 635 1145 680 praedicans
1168 635 1292 675 futura,

146 712 217 732 non
242 710 358 740 agens,
383 717 424 721 —
451 710 520 729 non
554 695 642 728 enim
666 697 886 730 mediocriter
910 698 1091 730 doctorum
1115 696 1293 730 hominum

149 762 352 806 (Origenem
385 759 496 803 notat)
529 758 595 791 suit
619 757 680 791 ista
703 759 869 792 sententia
893 780 957 800 -,
981 773 1049 792 non
1084 759 1221 804 quidem
1246 758 1292 792 ita

147 823 261 856 solent
286 820 382 866 loqui
408 820 660 861 Mathematici,
695 830 734 854 ut
770 821 864 854 verbi
899 822 1002 864 gratia
1029 822 1159 855 dicant:
1197 822 1288 855 Mars

145 885 192 917 ita
217 883 347 929 positus
371 882 579 915 homicidam
609 882 791 925 significat;
821 872 898 917 sed:
930 884 1136 917 homicidam
1167 883 1286 917 facie«

145 947 218 986 His,
242 946 397 990 inquam,
437 944 619 986 Origenem
652 945 840 987 designasse
872 947 1020 979 creditus
1054 956 1119 980 est:
1149 945 1287 979 namin

146 1023 186 1042 eo
212 1010 411 1050 fragmento,
437 1007 529 1052 quod
556 1019 572 1038 e
591 1007 926 1041 Commentariorum
949 1008 1052 1053 ipsius
1077 1008 1111 1041 in
1137 1007 1285 1040 Genesin

143 1071 257 1104 Tomo
284 1070 343 1103 HI.
377 1078 573 1113 excerptum
605 1070 772 1103 Eusebius
803 1070 1075 1116 praeparationis
1108 1069 1286 1112 Evangeli-

144 1146 202 1166 cae
225 1132 315 1164 libro
339 1140 433 1164 sexto
458 1122 617 1171 inseruit,
647 1131 742 1165 astris
766 1134 961 1166 futurorum
992 1133 1098 1165 inesse
1122 1131 1287 1174 significa-

143 1195 273 1229 tionem
305 1194 451 1226 affirmat
480 1206 572 1226 num.
598 1194 628 1228 5.
654 1194 686 1228 9.
715 1203 748 1227 et
771 1207 860 1239 seq.,
890 1208 959 1227 non
993 1195 1091 1228 etiam
1125 1206 1284 1233 caussam,

143 1258 236 1303 quod
262 1256 390 1290 faciunt
415 1255 648 1301 Genethliaci3
680 1266 814 1289 motum
845 1270 923 1299 ergo
955 1256 996 1289 iis
1027 1270 1045 1289 a
1067 1257 1147 1289 Deo
1173 1264 1207 1288 et
1231 1269 1286 1289 or-

146 1321 262 1353 dinem
294 1317 460 1359 inditum,
497 1327 535 1350 ut
574 1317 653 1350 inde
684 1319 879 1351 futurorum
912 1318 1142 1361 cognitionem
1175 1317 1285 1360 angeli

143 1382 315 1415 hauriant:
348 1379 441 1426 cujus
475 1379 612 1425 quidem
640 1380 844 1422 cognitionis
867 1381 1102 1426 adeptionem,
1136 1394 1212 1413 cum
1237 1380 1285 1413 vi-

143 1458 196 1478 res
220 1451 396 1488 superaret
425 1442 603 1481 humanas,
636 1443 677 1474 ab
709 1442 834 1484 angelis
867 1442 1028 1487 apostatis
1063 1442 1096 1475 in
1127 1442 1282 1475 homines

142 1507 255 1552 aliqua
280 1519 317 1538 ex
343 1514 438 1549 parte
463 1503 564 1536 fuisse
589 1503 832 1544 transmissam,
872 1504 1002 1537 nullam
1033 1513 1145 1537 autem
1171 1504 1280 1537 libero

141 1568 281 1602 arbitrio
308 1567 396 1606 vim,
420 1567 472 1599 vel
498 1565 729 1599 necessitatem
760 1566 838 1598 hinc
869 1566 995 1600 inferri.
1042 1567 1183 1599 Praeter
1215 1568 1283 1599 Au-

141 1630 311 1674 gustinum
336 1630 417 1662 haec
451 1629 668 1667 vehementer
699 1628 856 1670 castigant
890 1629 1033 1661 Rufinus
1073 1629 1281 1662 palaestinus

140 1695 177 1727 in
202 1693 321 1726 libello
347 1692 388 1724 de
414 1691 498 1731 fide,
530 1700 563 1723 et
587 1690 778 1734 Procopius
804 1690 953 1723 Gazaeus
978 1690 1012 1723 in
1037 1691 1124 1724 Gen.
1148 1691 1181 1731 1,
1217 1690 1281 1733 14„

142 1755 200 1802 qui
224 1756 265 1788 ab
291 1753 456 1795 Origene,
488 1766 589 1798 quem
618 1752 653 1786 in
678 1751 753 1785 aliis
784 1753 826 1793 aad
850 1753 991 1785 verbum
1016 1754 1086 1786 sere
1118 1752 1281 1798 sequitur,

139 1819 202 1851 liae
226 1819 259 1851 in
284 1826 378 1861 parte
405 1815 589 1848 discessit.—

232 1881 322 1914 Sane
347 1878 375 1911 si
399 1879 511 1910 sutura
536 1877 644 1910 multa
667 1890 735 1910 non
760 1879 801 1910 ab
826 1876 920 1910 astris
937 1877 1166 1922 praenuntiari
1192 1878 1273 1910 dun-

139 1951 238 1982 taxat,
262 1942 320 1974 sed
347 1949 380 1972 et
405 1939 495 1972 effici
520 1939 655 1972 dixisset
681 1939 863 1980 Origenes,
902 1947 935 1971 et
969 1939 1116 1974 siderum
1150 1943 1278 1979 viribus

141 2017 286 2050 corpora
309 2002 390 2034 haec
414 2011 547 2034 terrena
571 2001 670 2033 variis
694 1999 783 2032 affici
807 2000 930 2040 modis,
956 2011 988 2034 et
1011 2003 1052 2035 ad
1078 2004 1158 2038 haec
1177 2006 1278 2042 illave

140 2064 349 2100 commoveri
375 2074 407 2097 et
432 2062 606 2103 inclinari,
637 2062 672 2094 in
703 2063 819 2094 eadem
851 2072 937 2095 esset
968 2077 1063 2098 causa
1087 2080 1124 2100 ac
1150 2069 1280 2114 Apote-

140 2127 304 2162 lesmatici
332 2140 459 2165 omncs,
485 2135 518 2158 et
542 2123 698 2156 hodierni
723 2124 936 2167 Astrologiae
961 2128 1106 2170 patroni,
1132 2144 1276 2175 quorum

140 2189 315 2228 sententia,
340 2187 466 2229 integra
493 2187 598 2219 modo
628 2195 780 2218 servetur
811 2187 946 2220 humani
971 2188 1106 2224 libertas
1135 2194 1274 2235 arbitrii,

140 2253 315 2286 haereseos
339 2258 419 2284 nota
443 2248 601 2283 immunis
627 2257 684 2281 cst.
733 2251 777 2282 At
809 2262 885 2283 cum
916 2249 1194 2294 significationem
1223 2269 1278 2289 so-
