1403 2492
334 99 645 130 Onicsmimonum
680 94 791 126 Linea
815 92 858 124 11.
1097 90 1161 125 173

36 199 179 232 corpora
203 189 294 227 siant,
320 197 350 220 et
376 185 490 219 mundi
517 183 689 216 diversitas
705 190 927 221 construatur,
950 188 1093 225 propter
1108 192 1163 212 va·

36 249 100 281 rias
125 250 314 282 voluntates
339 245 588 281 rationabilium
615 253 853 281 creaturarum,
878 254 962 286 quae
987 250 1065 286 post
1087 253 1164 285 per-

37 311 159 343 fectam
183 310 427 344 beatitudinem
452 321 555 352 usque
580 307 621 338 ad
646 306 747 338 finem
769 303 921 337 omnium
946 316 1056 335 rerum
1082 314 1164 346 pau-

38 370 130 404 latim
161 372 202 404 ad
236 372 394 404 iuferiora
426 370 573 414 dilapsae
605 376 728 400 tantam
759 364 921 397 malitiam
953 372 1164 407 receperunt,

37 441 74 464 ut
98 433 131 465 in
156 433 362 465 contrarium
386 439 610 469 verterentur,
637 429 716 462 dum
741 428 862 460 nolunt
886 438 1017 458 servare
1041 423 1166 470 princi-

38 493 144 537 pium,
170 503 202 526 et
225 494 456 538 incorruptam
472 490 717 524 beatitudinem
735 488 938 533 possidere.«
981 487 1018 519 ld
1037 485 1165 530 quippe

39 555 270 598 pervulgatum
297 555 452 596 Origeuis
477 554 597 594 dogma
623 552 664 584 de
680 552 856 583 beatorum
873 547 1061 580 animorum
1088 559 1167 591 pec-

40 617 119 649 catis
146 626 178 649 et
202 616 362 661 lapsibus,
386 615 419 648 in
443 615 527 647 alios
550 614 705 646 transfert
729 609 1008 655 interpretatione
1024 621 1083 641 sua
1098 609 1168 640 Ru-

38 676 123 710 finus
142 677 231 710 libro
257 677 376 710 eodem
401 677 461 710 Ill.
488 676 529 708 de
554 674 701 718 Princip.
730 686 800 717 cap.
825 671 856 706 6.
904 671 961 705 Sic
992 670 1082 703 enim
1109 671 1167 702 ha-

40 740 114 771 bet:
142 739 286 771 »Verum
319 738 414 770 istam
446 738 692 782 perfectionem
724 747 761 766 ac
791 732 1036 765 beatitudinem
1065 731 1169 764 ratio-

38 799 200 832 nabilium
226 808 461 837 creaturarum,
488 798 540 830 vel
565 807 775 835 naturarum,
799 795 844 827 ita
869 795 1006 827 demum
1031 794 1167 838 quidam

37 873 234 905 permanere
259 859 293 892 in
319 860 439 892 eodem
464 869 562 900 statu,
587 871 655 904 quo
681 870 782 901 supra
799 856 952 896 diximus,
977 865 1108 901 putant,
1133 855 1168 888 id

39 930 89 954 est
111 931 150 954 ut
170 921 283 954 Deum
309 921 422 953 omnia
446 921 606 960 habeant,
638 929 669 952 et
701 921 794 952 Deus
823 919 863 951 iis
900 919 942 951 sit
976 917 1105 958 omnia,
1141 917 1169 949 si

40 981 228 1014 nullatenus
277 995 330 1014 eas
368 983 509 1015 societas
544 991 679 1014 naturae
701 982 732 1025 ¹)
779 981 964 1025 corporalis
1002 988 1169 1012 amoveat.

41 1043 204 1088 Alioquin
237 1043 427 1076 existimant
459 1044 601 1086 gloriam
636 1055 784 1076 summae
815 1040 1032 1075 beatitudinis
1063 1040 1172 1085 impe-

41 1104 115 1144 diri,
142 1105 168 1137 si
192 1105 372 1139 materialis
390 1107 592 1138 substantiae
609 1105 825 1137 interseratur
843 1103 1004 1136 admixtio
1020 1119 1037 1133 «
1079 1101 1172 1145 Quin

42 1165 142 1198 etiam
167 1167 259 1210 quod
282 1166 356 1199 aliis
380 1167 623 1200 adscribentem
658 1165 892 1198 Adamantium
926 1163 1056 1197 inducit
1078 1163 1173 1196 Rufi-

42 1239 114 1266 nus,
138 1226 173 1258 id
198 1227 426 1260 confutantem
451 1228 562 1272 ipsum
588 1227 721 1260 exhibet
745 1227 853 1272 capite
879 1228 1000 1260 eodem
1025 1239 1116 1259 num.
1139 1224 1171 1259 6.

46 1288 102 1319 »ln
128 1300 196 1331 quo
222 1297 309 1320 statu
334 1289 585 1333 (beatitudiuis)
617 1290 714 1321 etiam
746 1301 943 1333 permanere
975 1300 1109 1332 semper
1140 1296 1172 1319 et

42 1348 301 1381 immutabiliter
325 1349 492 1382 Creatoris
525 1352 695 1383 voluntate
729 1360 777 1382 est
809 1350 1031 1388 credendum,
1069 1349 1171 1380 fidem

42 1410 93 1442 rei
128 1409 270 1443 faciente
305 1411 468 1443 sententia
504 1412 661 1456 Apostoli
702 1411 888 1444 dicentis:«
930 1410 1172 1454 ³»›Domum²)

42 1471 202 1503 habemus
224 1483 294 1503 non
324 1473 566 1513 manufactam,
600 1482 786 1514 aeternam,
825 1472 859 1505 in
893 1471 1058 1505 coelis.««
1118 1471 1172 1503 De

42 1532 108 1565 fine
131 1545 266 1577 quoque
290 1546 402 1566 rerum
427 1534 491 1576 agit
518 1534 680 1577 Origenes
704 1534 779 1567 libr.
808 1535 830 1567 Ι.
863 1534 904 1566 de
928 1532 1075 1577 Princip.
1102 1545 1173 1576 cap.

42 1593 73 1628 6.
98 1607 189 1629 num.
217 1594 246 1628 1.
270 1593 320 1634 2.,
345 1596 526 1640 omniaque
550 1596 632 1630 dicit
655 1597 695 1628 ad
720 1609 825 1628 unum
850 1596 950 1628 finem
974 1594 1174 1633 revocanda,

45 1655 332 1699 quemadmodum
363 1657 403 1688 ab
441 1670 509 1689 uno
548 1657 645 1690 initio
677 1659 830 1702 profecta
862 1666 955 1696 sunt,
994 1664 1175 1700 postquam

43 1716 173 1749 scilicet
196 1716 382 1757 regnaverit
407 1717 574 1758 Christus,
611 1732 793 1763 omnesque
832 1718 988 1752 inimicos
1012 1717 1075 1750 sihi
1099 1717 1177 1749 sub-

44 1777 177 1822 jecerit,
207 1777 383 1822 ipsumque
407 1778 625 1812 novissimum
652 1780 842 1820 inimicum,
878 1788 1023 1812 mortem
1049 1779 1177 1810 destru-

49 1838 142 1878 xerit,
167 1848 198 1871 et
222 1839 311 1871 Patri
338 1852 474 1881 regnum
500 1841 686 1881 tradiderit,
714 1851 858 1886 tuncque
881 1840 1050 1879 coelestia,
1072 1849 1177 1872 terre·-

49 1899 128 1931 stria
153 1909 185 1932 et
208 1900 335 1932 inferna
361 1902 400 1933 ad
426 1914 529 1934 unum
546 1902 646 1935 finem
665 1904 859 1943 deventura,
884 1916 945 1946 per
970 1901 1176 1934 »bonitatem

49 1959 139 1999 Dei,
179 1970 211 1992 et
243 1962 488 2006 subjectionem
526 1964 668 2003 Christi,
705 1974 804 2009 atque
836 1964 1000 1996 unitatem
1029 1962 1175 2007 Spiritus

49 2022 191 2054 sancti.«
241 2022 346 2055 Addit
370 2024 504 2069 insuper
535 2026 598 2057 soli
631 2026 787 2059 Trinitati
818 2026 1004 2058 bonitatem
1029 2025 1178 2057 substan·

51 2083 175 2116 tialiter
198 2083 321 2125 inesse,
363 2094 492 2118 ceteros
523 2086 601 2120 inde
633 2097 817 2121 mutuatam
851 2097 883 2120 et
914 2087 1097 2119 derivatam
1123 2086 1178 2117 ha-

148 2218 176 2259 ')
202 2217 286 2250 Edd.
314 2218 446 2251 Huetii:
471 2230 604 2253 naturae
631 2222 800 2265 corporali
826 2223 1012 2254 admoveat.

143 2276 174 2316 ²)
204 2274 230 2304 n
260 2272 337 2305 cor.
368 2275 404 2312 v,
436 2276 458 2307 ι,
