1403 2492
377 74 691 109 Omonmfflonum
717 76 830 109 Lmen
855 74 896 108 Π.
1128 76 1191 112 261

63 173 114 197 tos
148 175 261 197 sensus
295 163 400 197 inesse
433 164 524 198 dicit.
580 165 667 197 Cum
702 165 839 197 homine
871 165 1112 209 postmodum,
1138 165 1195 210 qui

63 239 219 270 corpore,
243 227 368 266 anima,
401 235 433 258 et
467 226 588 271 spiritu
620 235 768 266 constat,
804 226 1015 270 Scripturam
1052 227 1195 266 confert,

63 300 207 331 corpore
233 287 361 327 itidem,
386 288 451 320 hoc
474 297 522 320 est
547 287 719 319 communi
744 296 777 319 et
801 286 964 319 historico
989 300 1088 320 sensu
1113 301 1194 321 con—

62 358 221 390 stantem;
245 348 354 381 anima
380 361 533 394 quoque,
557 348 749 382 sublimiori
773 361 896 393 nempe
921 361 1036 390 sensu3
1074 361 1111 381 ac
1136 349 1194 381 de·

62 423 156 442 mum
179 411 310 455 spiritu,
335 410 600 455 profundissimo
635 410 762 443 scilicet
796 423 893 444 sensu
929 419 961 442 et
993 410 1194 443 reconditis-

61 472 157 505 simo.
205 471 294 504 'rum
320 472 487 516 subjungit
512 472 710 504 historicum
743 471 926 516 aliquando
960 485 1094 505 sensum
1125 485 1193 504 non

60 532 213 577 reperiri,
238 533 295 565 sed
321 533 465 566 animam
488 534 619 573 solum,
652 543 686 566 et
710 534 884 579 spiritum,
916 533 952 567 id
977 534 1070 578 quod
1096 533 1195 566 variis

60 594 218 638 Apostoli
243 594 327 627 locis
351 596 540 640 approbat;
564 608 601 628 ac
625 608 667 627 ne
692 596 774 628 haec
798 595 936 640 quidem
953 595 1112 628 omnibus
1131 596 1192 627 ob-

60 655 111 688 via
137 669 225 695 esse,
258 657 315 688 sed
342 656 379 689 iis
404 657 583 696 duntaxat,
609 657 666 701 qui
691 657 726 689 in
750 656 945 702 Scripturae
969 656 1191 689 meditatione

60 718 187 750 subacti
214 718 371 750 diuturno
395 718 508 750 studio
534 718 669 751 fuerint.
720 719 777 752 Ait
801 719 923 751 deinde
948 718 1105 765 mysteria
1130 718 1192 750 ho-

59 778 204 811 minibus
229 778 359 810 tradere
394 779 563 811 volentem
597 779 762 824 Spiritum
787 790 951 821 sanctum,
976 793 1014 812 ea
1040 778 1192 812 historici

58 853 171 873 sensus
194 839 431 882 integumentis
456 841 683 885 implicuisse,
715 842 772 886 qui
801 841 1041 875 reconditioris
1066 841 1193 874 doctri-

57 914 117 934 nae
141 915 247 946 penus
270 911 401 935 tantum
428 912 460 935 et
485 903 733 948 promtuarium
759 912 824 936 est:
853 916 954 948 quem
976 915 1018 935 ne
1044 902 1117 946 quis
1141 900 1192 933 in-

57 963 189 996 terioris
223 973 255 996 et
286 965 439 996 occultae
472 965 646 997 doctrinae
678 965 869 1009 praeceptis
904 976 1020 997 vacare
1046 971 1192 1008 putaret,

57 1025 116 1058 ista
146 1026 205 1058 »de
232 1039 344 1058 caussa
369 1039 568 1070 procurasse
595 1026 742 1059 divinam
767 1026 966 1070 sapientiam
981 1023 1189 1058 offendicula

57 1088 232 1131 quaedam,
259 1088 312 1119 vel
338 1087 605 1132 intercapedines
630 1087 871 1129 intelligentiae
896 1087 969 1119 fieri
990 1085 1171 1118 historialis

57 1148 279 1192 impossibilia
306 1150 468 1192 quaedam
495 1159 529 1181 et
554 1148 860 1182 inconvenientiam
886 1161 948 1192 per
963 1147 1114 1179 medium
1140 1146 1189 1178 in·

56 1211 217 1249 serendo,
258 1220 294 1242 ut
323 1211 527 1255 interruptio
566 1211 637 1255 ipsa
671 1210 870 1243 narrationis
904 1209 996 1241 velut
1035 1207 1189 1240 obicibus

58 1273 256 1317 quibusdam
282 1272 406 1314 legenti
430 1272 599 1304 resisteret
625 1272 778 1317 objectis,
803 1272 924 1317 quibus
947 1269 1188 1312 intelligentiae

55 1335 154 1379 liujus
179 1333 320 1376 vulgaris
347 1334 410 1366 iter
432 1347 470 1366 ac
496 1334 669 1366 transitum
696 1343 868 1375 negaretzn
897 1343 930 1366 et
946 1332 992 1365 ita
1016 1332 1057 1364 ad
1081 1331 1187 1364 alium

56 1397 242 1437 tramitem,
279 1395 457 1427 celsiorem
489 1408 611 1439 nempe
645 1405 679 1427 et
711 1395 970 1427 eminentiorem
1002 1394 1186 1426 divertere-

55 1471 144 1499 mus;
183 1457 290 1489 multa
321 1457 421 1499 igitur
451 1456 644 1501 hujusmodi
678 1457 795 1490 haberi
835 1457 868 1489 in
899 1456 1092 1500 Scriptura,
1131 1455 1184 1487 vel

58 1520 186 1552 »minus
210 1529 310 1562 gesta,
335 1518 388 1550 vel
413 1531 498 1563 quae
524 1519 664 1551 omnino
691 1518 759 1561 geri
791 1532 860 1552 non
893 1527 1050 1563 possent;
1082 1517 1186 1549 inter-

55 1583 134 1615 dum
161 1581 260 1614 etiam
289 1593 372 1625 quae
409 1590 545 1624 possent
578 1581 716 1624 quidem
749 1580 838 1622 geri,
870 1593 933 1612 nec
958 1589 1069 1612 tamen
1095 1587 1184 1621 gesta

55 1654 130 1678 sunt
143 1658 179 1685 3«
205 1643 386 1687 praecipue
404 1655 486 1674 vero
506 1642 537 1673 in
557 1642 656 1683 Lege,
674 1655 757 1686 quae
772 1642 877 1674 multa
894 1642 1005 1681 habet,
1030 1641 1062 1673 in
1090 1639 1184 1684 »qui-

54 1708 115 1738 bus
140 1705 231 1738 nulla
253 1716 389 1748 prorsus
407 1703 492 1735 ratio
507 1703 661 1735 utilitatis
680 1703 881 1744 ostenditur3
908 1703 1076 1735 interdum
1103 1715 1182 1734 vero

56 1778 86 1801 et
119 1765 338 1811 impossibilia
364 1765 633 1805 de‹:crnuntu1·;1‹
669 1767 727 1797 sed
761 1774 793 1797 et
824 1765 858 1797 in
890 1774 964 1797 toto
998 1763 1113 1799 Veteri
1146 1776 1183 1795 ac

57 1832 154 1863 Novo
187 1827 287 1860 etiam
322 1827 550 1858 'restam-nto.
599 1827 687 1859 Hinc
721 1826 824 1858 varias
856 1826 1052 1870 Scripturae
1078 1817 1182 1867 tangit

56 1890 220 1928 historias,
245 1889 277 1921 in
304 1888 424 1932 quibus
449 1887 597 1920 historici
629 1901 741 1921 sensus
775 1888 946 1920 veritatem
980 1888 1101 1919 frustra
1132 1899 1184 1919 re-

55 1952 141 1998 quiri
157 1952 317 1991 aslirmat3
341 1951 472 1989 frustra,
498 1949 643 1993 exempli
659 1963 781 1990 caussa,
807 1948 987 1982 existimari
1005 1958 1070 1981 tres
1087 1948 1178 1992 prio-

55 2028 106 2048 res
131 2014 170 2045 ab
196 2013 278 2045 orbe
303 2010 441 2043 condito
469 2010 541 2042 dies
565 2010 666 2043 suisse
687 2011 759 2044 sine
779 2012 862 2051 sole,
888 2012 976 2051 luna,
1001 2020 1034 2043 et
1057 2010 1180 2051 stellis3

55 2077 205 2120 priorem
231 2074 329 2105 etiam
359 2072 429 2104 sine
465 2073 579 2110 coelo,
612 2074 702 2116 quod
736 2086 835 2117 supra
868 2073 932 2118 jam
964 2073 1181 2105 excussimus:

56 2138 169 2180 inepte
196 2148 330 2180 quoque
355 2143 386 2166 et
419 2134 540 2166 insulse
567 2135 657 2166 credi
688 2135 800 2167 Deum
837 2136 870 2168 in
904 2135 1062 2168 Paradiso
1090 2135 1183 2179 plau-

56 2209 138 2232 tasse
164 2198 310 2235 arbores,
337 2205 368 2228 et
395 2209 484 2234 cam,
518 2208 601 2239 quac
627 2198 712 2228 vitae
740 2197 880 2237 «licitur,
912 2206 943 2229 et
970 2209 1052 2241 quae
1078 2196 1183 2228 seien-

43 2262 137 2293 ·tiam
161 2258 242 2292 boni
268 2267 300 2290 et
326 2257 403 2290 unali
430 2257 619 2298 continere3
649 2258 760 2291 Deum
794 2269 869 2303 post
902 2258 1077 2292 meridiem
1116 2271 1184 2289 am-
