1403 2492
362 86 677 119 Omossmmonum
702 85 814 118 Lmen
839 85 882 117 ΙΙ.
1123 86 1186 122 241

59 179 195 211 ‘rmum
234 176 274 211 δὲ
313 178 374 209 καὶ
411 174 614 221 διαφόρους
647 174 806 218 κόσμους
843 175 1023 218 συστῆναί
1059 188 1094 211 τε
1127 179 1188 211 καὶ

58 241 310 280 συνίστασθαι,
328 238 433 271 τοῦτο
446 237 516 280 μὲν
527 235 788 280 παρελθόντας,
805 239 911 271 τοῦτο
925 237 965 271 δὲ
980 239 1187 281 μέλλοντας.

148 299 304 332 Notanda
328 311 408 332 vero
433 307 586 331 accurate
611 311 695 342 quae
717 298 942 342 praecedunt:
966 298 1125 333 Κάκεῖνο
1150 299 1191 333 δὲ

59 359 100 395 τὸ
124 358 247 404 πάσης
269 361 479 404 δυσσεβείας
503 357 712 405 ἀνάμεστον
743 361 802 402 τῆς
818 358 943 393 ,αὑτοῦ
969 360 1040 395 ἐστι
1066 364 1189 404 μυθο-

59 424 186 466 λογίας
208 420 247 457 -ιὸ
272 424 400 467 λέγειν,
425 420 479 457 ὅτι
502 420 625 456 πάντα
650 420 691 455 τὰ
715 424 818 466 γένη,
848 423 908 455 καὶ
934 420 976 456 τὰ
1000 423 1078 465 εἴδη
1100 434 1190 456 συν-

59 481 161 517 αΐδιοὶ
186 483 260 518 ἐστι
284 485 334 528 τῷ
359 485 447 528 θεῷ.
493 483 568 527 lpsa
601 483 702 515 etiam
734 483 834 515 verba
864 483 1002 516 adducit
1032 483 1192 517 Justinia-

60 556 122 577 nus
146 544 188 577 ad
213 544 340 577 calcem
365 544 462 590 epist.
487 557 504 576 e
529 543 604 576 libr.
632 545 656 577 I.
690 546 774 590 περὶ
797 544 931 589 ἀρχῶν.
978 544 1099 577 Parem
1129 558 1191 578 suo

60 614 215 650 tempore
239 619 466 651 propugnasse
491 606 678 639 doctrinam
693 605 897 648 Origenistas
912 606 1075 650 quosdam
1092 606 1193 648 signi-

59 667 159 701 ficare
184 667 318 700 videtur
341 667 483 701 Orosius
514 667 548 701 in
574 667 848 701 Commonitorio
881 668 923 700 ad
948 667 1192 708 Augustinum:

63 728 236 762 »Primum
261 729 374 762 omnia
406 738 585 774 antequam
622 731 708 762 facta
740 739 959 774 apparerent,
994 742 1130 774 semper
1159 729 1193 762 in

59 789 127 823 Dei
158 789 323 835 sapientia
351 791 440 823 facta
471 791 630 824 mansisse
665 790 814 824 dicentes
844 791 911 824 hoc
940 792 1064 824 verbo:
1100 791 1195 825 Deus

62 852 152 885 enim
175 864 395 897 quaecunque
420 853 512 893 fecit,
536 853 694 886 faciendo
720 866 788 885 non
812 852 958 897 coepit.«
996 853 1093 897 Quae
1107 854 1195 886 mul-

61 914 104 947 tis
132 915 257 947 refutat
290 914 495 957 Augustinus
525 914 561 947 in
591 914 680 947 libro
712 923 828 948 contra
861 914 1131 949 priscillianistas
1161 926 1194 949 et

63 975 272 1018 origenistas
304 989 376 1021 cap.
400 975 432 1011 8.
484 976 600 1009 Pulsat
632 976 749 1008 eadem
781 976 824 1009 de
864 989 977 1010 caussa
1012 976 1196 1019 Origenem

63 1032 293 1082 Nicephorus,
315 1050 387 1070 non
418 1050 540 1079 genera
565 1047 598 1070 et
627 1037 774 1082 species,
814 1039 874 1071 sed
908 1041 1088 1084 κτίσμαῐα
1115 1040 1195 1073 Deo

64 1107 241 1131 coaeterna
273 1098 429 1132 statuisse
458 1099 570 1142 ipsum
601 1099 815 1143 praedican33
846 1113 1024 1144 perperam
1055 1100 1198 1141 scilicet,

63 1168 101 1192 ut
125 1160 275 1202 videtur,
308 1164 446 1205 accepta
478 1160 633 1202 Origenis
657 1160 839 1200 sententia,
868 1170 984 1205 aperte
1008 1171 1120 1195 tamen
1144 1176 1198 1196 ex-

64 1221 176 1267 posita
207 1221 284 1254 libr.
308 1222 336 1256 I.
370 1224 454 1267 περὶ
479 1221 620 1267 ἀρχῶν,
658 1221 749 1266 apud
788 1222 1015 1256 Justinianum
1056 1224 1090 1257 in
1130 1226 1197 1259 fine

65 1279 162 1328 epist·
185 1284 228 1316 ad
252 1282 409 1317 Menam:
436 1284 601 1323 »Genera
625 1283 746 1328 inquit,
771 1283 883 1316 omnia
908 1294 941 1318 et
964 1285 1092 1330 species
1108 1300 1198 1320 sem-

65 1358 128 1389 per
152 1351 264 1387 erant3
293 1358 363 1377 non
395 1344 442 1378 ita
473 1346 515 1378 de
545 1345 768 1387 singularibus
796 1345 1032 1380 differentibus
1055 1361 1198 1382 numero

65 1406 189 1439 dixerit
211 1405 409 1451 quispiam«
458 1406 554 1439 Hanc
583 1405 617 1438 in
649 1407 850 1440 sententiam
883 1407 1067 1451 Origenem
1097 1411 1201 1453 magi-

66 1468 125 1501 stri
156 1468 208 1501 sui
237 1468 390 1501 Platonis
421 1467 517 1500 ideae
552 1468 787 1513 perpulerunt.
849 1470 968 1514 Itaque
1007 1484 1127 1513 genera
1166 1482 1199 1506 et

65 1530 194 1576 species
218 1530 295 1562 Deo
322 1542 391 1562 esse
417 1539 594 1562 coaeterna
619 1539 755 1564 eatenus
773 1531 903 1572 dixerit,
928 1541 1091 1577 quatenus
1105 1534 1200 1568 Deus

66 1593 108 1625 ab
133 1591 227 1625 omni
249 1600 341 1624 retro
366 1604 450 1624 aevo
476 1604 514 1624 ea
538 1591 572 1624 in
596 1602 710 1625 mente
734 1593 861 1627 habuit.

155 1654 214 1686 VI.
262 1654 389 1685 Verum
421 1663 534 1686 tamen
558 1655 770 1698 quantumvis
794 1655 876 1688 haee
899 1656 1024 1689 diserte
1050 1658 1185 1692 videatu

67 1716 250 1749 affirmasse
275 1714 457 1756 Origenes,
488 1714 523 1747 id
548 1724 660 1747 tamen
682 1716 856 1760 praemisit
881 1717 916 1749 in
951 1718 1137 1752 Prooemio
1164 1719 1203 1752 li-

68 1778 208 1810 brorum
232 1778 316 1822 περὶ
340 1775 465 1821 ἀρχῶν
489 1790 580 1809 num.
608 1777 639 1811 7.
689 1777 768 1810 »Est
783 1779 814 1821 ¹)
846 1778 1019 1823 praeterea
1052 1789 1085 1812 et
1102 1780 1203 1822 ,illud

70 1839 104 1871 in
138 1838 361 1871 ecclesiastica
390 1838 659 1883 praedicatione,
698 1841 791 1884 quod
826 1841 972 1873 mundus
1004 1840 1066 1873 iste
1097 1842 1203 1873 factus

69 1900 122 1942 sit,
147 1909 180 1933 et
203 1912 221 1933 a
246 1910 338 1932 certo
364 1910 518 1945 ternpore
552 1902 719 1945 coeperit,
753 1911 784 1934 et
816 1915 879 1946 pro
912 1903 983 1947 ipsa
1012 1902 1064 1935 sui
1090 1916 1204 1935 corru-

71 1961 188 2006 ptione
212 1961 404 1995 solvendus.
452 1962 546 2005 Quid
576 1972 689 1996 tamen
722 1974 798 1996 ante
830 1965 918 1997 hunc
943 1965 1106 1997 mundum
1131 1965 1204 1997 sue-

73 2023 126 2064 rit,
150 2032 207 2056 aut
232 2023 312 2067 quid
337 2034 414 2068 post
438 2025 600 2058 mundum
628 2026 710 2066 erit,
742 2025 807 2070 iani
840 2039 908 2059 non
937 2039 999 2072 pro
1026 2026 1203 2059 manifesto

167 2191 198 2232 ¹)
223 2190 309 2223 Edd.
335 2192 466 2225 Huetii:
493 2193 551 2226 Est
576 2196 847 2238 prat-tereaillud
869 2196 1091 2230 ecclesiastica
1113 2207 1199 2239 prm»

74 2235 242 2268 dicatione
268 2236 455 2278 definitum,
480 2240 572 2283 quod
598 2249 660 2271 etc.

119 2298 295 2332 Ome-‚mus
317 2298 454 2333 OPERA.
481 2301 576 2334 Tom.
591 2302 721 2337 ΧΧΙΙΙ.
974 2303 1011 2337 113
