1403 2492
384 66 697 99 Onmemiuonum
721 65 835 98 Lnum
860 64 903 96 11.
1134 65 1203 102 305

66 155 248 188 videndum
274 164 340 187 est:
366 154 459 198 cujus
483 154 608 197 duplex
632 163 680 185 est
704 153 801 193 ratio,
827 154 880 185 vel
900 153 1053 186 conflatis
1070 154 1103 186 in
1122 167 1200 187 eum

67 216 359 250 criminationibus
384 215 576 254 diluendis,
613 215 666 246 vel
703 215 777 259 ipso
815 215 963 257 Origene
1000 216 1200 249 excusando.

67 279 296 312 confutantur
325 277 474 322 primum
505 276 735 309 accusationes
768 277 834 309 hoc
864 286 1080 319 argumento,
1105 278 1197 321 quod

66 341 246 384 pleraeque
270 339 335 371 sibi
360 347 546 382 repugnant
575 337 737 376 invicem,
774 347 808 370 et
838 338 871 370 in
907 351 980 370 sese
1013 338 1198 376 incurrunt,

70 402 160 433 Inte-r
191 413 316 433 novem
343 400 592 432 criminationes
631 413 647 431 a
687 399 866 444 Pamphilo
907 410 1199 440 commemoratas,

68 463 253 495 contrariae
277 462 342 494 sibi
365 471 442 494 sunt
474 461 603 505 priores
632 471 798 505 quatuor,
837 474 921 505 quae
955 462 995 493 ad
1028 461 1198 494 Christum

66 523 245 567 pertinent,
276 532 312 555 ut
339 523 393 555 vel
416 522 535 555 silente
562 522 636 566 ipso
664 523 829 564 Origene,
866 532 985 554 mutuo
1016 536 1087 555 sese
1119 523 1201 569 illae·

67 585 233 617 refellant.
283 583 387 626 Quod
412 583 438 615 si
464 583 538 626 quis
562 584 716 626 superius
742 593 859 628 caput,
886 585 977 628 quod
1005 586 1199 618 Adaniautii

67 646 222 687 dogmata
247 644 496 689 complectitur,
521 644 655 675 attentis
682 644 789 676 oculis
807 645 1002 688 perlustret,
1025 647 1132 679 multa
1156 646 1199 678 il-

68 707 111 739 Iic
137 707 268 751 objecta
293 705 431 748 Origeni
457 705 596 737 crimina
627 705 794 738 adversari
819 705 884 738 sibi
907 706 1055 744 invicem
1077 707 1201 751 depreq

66 768 199 800 liendet.
1198 812 1200 815 v

155 830 212 863 lV.
259 829 416 862 Alterum
443 828 648 860 defendendi
677 828 868 860 Adamantii
900 838 1141 870 argumentum.
1159 843 1197 862 ex

64 902 105 922 eo
129 890 277 935 petitur,
309 890 403 934 quod
435 889 702 931 Origenistarum
735 890 1035 923 Heterodoxorum
1066 905 1198 924 errores

64 951 205 993 Origeni
227 964 327 996 saepe
351 950 456 983 afficti
478 960 565 991 sunt,
591 960 624 983 et
650 952 753 996 quod,
778 960 815 983 ut
839 951 884 983 ait
907 951 1002 984 Beda
1026 952 1060 984 in
1082 952 1197 985 Colle-

65 1013 187 1046 ctaneis
222 1022 256 1045 et
281 1012 410 1044 FIoi-ib.
440 1025 510 1055 cap.
537 1013 577 1044 de
606 1013 797 1045 luminarib.
829 1013 949 1046 eccles.
984 1013 1101 1045 »multi
1127 1015 1197 1059 ejus

64 1073 200 1119 pessimi
225 1073 381 1118 discipuli
407 1073 514 1104 multa
539 1087 705 1105 venenosa
736 1074 797 1104 sub
829 1074 966 1105 nomine
997 1075 1095 1119 hujus
1126 1076 1196 1107 edi-

64 1135 150 1167 disse
175 1136 361 1167 videntur.«
412 1135 497 1167 Cum
522 1134 610 1165 enim
626 1134 851 1167 Christianum
877 1136 994 1167 orbem
1019 1136 1052 1167 in
1077 1137 1197 1169 sactio-

64 1210 121 1229 nes
146 1196 335 1240 dissipasset
359 1195 464 1240 ipsius
491 1196 656 1234 doctrina,
680 1206 717 1227 ut
743 1197 849 1228 multa
873 1196 950 1228 huic
963 1197 1046 1230 falso
1072 1199 1113 1230 ab
1137 1198 1201 1235 ad-1

65 1258 216 1290 versariis
242 1258 387 1302 impacta
418 1266 513 1297 sunt,
542 1257 587 1289 ita
619 1271 686 1289 non
718 1269 824 1301 pauca
857 1254 1015 1303 tanq'uarn
1046 1261 1088 1292 ab
1119 1260 1201 1304 ipso,

64 1320 183 1352 tradita
208 1328 464 1364 propugnarunt
488 1318 593 1363 ipsius
618 1319 780 1360 asseclam
805 1321 856 1353 vel
879 1333 963 1364 quae
981 1333 1017 1360 re
1036 1321 1107 1365 ipsa
1122 1322 1197 1354 sue-

63 1390 137 1413 rant
161 1382 202 1412 ab
229 1381 290 1412 illo
315 1381 446 1420 tradita,
471 1380 504 1412 in
520 1381 619 1412 aliam
637 1381 835 1413 seutentiam
853 1382 1085 1421 detorserunt:
1111 1396 1196 1427 quo-

64 1457 138 1475 rum
171 1455 284 1475 caussa
313 1442 440 1475 insonti
469 1442 607 1483 Origeui
638 1443 866 1483 delegabatur.
915 1443 1021 1476 Caute
1059 1457 1137 1486 ergo
1163 1454 1196 1477 et

65 1504 243 1546 diligenter
267 1502 489 1545 Origenistica
514 1503 671 1544 dogmata
705 1505 746 1535 ab
772 1503 960 1545 Origenicis
985 1515 1138 1550 seponat,
1163 1516 1195 1540 et

62 1565 94 1597 in
121 1565 260 1598 diversis
285 1566 406 1597 caussis
432 1564 613 1607 Origenem
645 1578 683 1596 ac
715 1565 919 1606 Origenistas
951 1568 1072 1601 versari
1103 1569 1196 1609 sciat,

64 1626 213 1671 quisquis
247 1625 421 1658 historiam
454 1626 538 1658 hanc
567 1636 720 1658 accurate
751 1626 886 1667 rimari,
927 1637 960 1661 et
982 1640 1195 1674 perspectam

64 1689 187 1720 habere
212 1688 314 1719 volet.

154 1749 194 1782 V.
241 1748 412 1792 Nocust')
439 1758 472 1781 et
496 1749 583 1781 illud
608 1748 765 1790 Origcni,
798 1750 890 1794 quod
913 1750 1075 1792 maximae
1100 1752 1196 1784 lucu-

65 1810 257 1843 brationum
281 1823 416 1842 suarum
441 1810 543 1854 partis
569 1810 727 1841 Rufinum
746 1809 969 1855 interpretem
991 1823 1107 1845 nactus
1133 1823 1193 1846 est.

68 1872 170 1917 Cujus
195 1881 285 1904 tanta
309 1872 374 1904 {uit
397 1872 430 1904 in
454 1872 570 1904 Latine
595 1872 775 1904 reddendis
795 1873 960 1915 'Veterum
985 1875 1138 1918 scriptis,
1163 1885 1195 1908 et

67 1944 133 1966 tam
158 1934 379 1966 immoderata
404 1934 548 1973 licentia,
574 1934 859 1977 quemadmodum
873 1948 973 1979 saepe
990 1937 1195 1977 monuimus,

68 2008 143 2026 rum
167 1994 273 2027 multa
297 1995 514 2034 detrahendo,
540 1996 593 2027 vel
618 1994 841 2035 inferciendo,
865 2005 936 2029 tum
960 1997 1122 2042 pleraque
1146 1998 1196 2030 in·

163 2150 195 2193 ¹)
226 2149 313 2181 Vide
344 2148 588 2193 praefationem
627 2161 775 2182 nostram
814 2151 914 2183 Tom.
948 2153 970 2184 Ι.
1014 2152 1194 2196 praefixam

69 2208 141 2239 pag.
166 2198 198 2228 2.
223 2194 253 2229 3.
285 2204 320 2226 et
351 2196 382 2227 4.
426 2195 571 2227 Kuaeus.
612 2215 649 2221 —-
687 2197 758 2229 Cfr.
795 2196 1044 2239 Prolegomena
1081 2198 1193 2230 'l'omo

49 2241 192 2278 xmv.
218 2240 269 2272 cd.
294 2248 399 2272 nostr.
423 2241 643 2284 praefigenda.

115 2302 291 2334 ORIGEMS
311 2300 449 2333 OPERA.
473 2301 570 2333 Tom.
585 2302 714 2334 XXIII.
929 2280 933 2286 Ι
957 2304 1003 2337 20
