1403 2492
188 93 233 128 90
525 94 638 128 Pei-m
663 94 835 128 DAmssns
860 94 992 127 Ilua-ru

186 184 287 218 Tom.
310 185 386 220 XV.
420 185 455 217 in
485 185 576 218 idem
606 184 847 227 Evangelium,
879 198 971 217 num.
996 184 1026 219 6.
1058 184 1161 218 tradit
1189 197 1326 229 pueros,

185 247 308 291 quibus
331 259 449 279 manus
473 245 637 291 imposuit
659 247 768 287 Jesus,
792 246 858 292 jam
883 246 1029 291 amplius
1050 247 1254 279 daemonum
1277 259 1327 279 as-

184 309 328 341 sultibus
345 309 397 341 vel
415 309 546 354 peccati
561 309 730 342 illecebris
744 310 886 354 percelli
901 322 968 341 non
983 321 1098 354 posse:
1114 318 1148 342 et
1162 321 1254 344 num.
1272 308 1324 343 17.

188 364 300 410 Οὗτος
326 369 370 414 δὴ
405 370 423 407 ὁ
456 370 858 416 ἅνθυπαλλασσόμενος
889 371 969 406 ἀντὶ
994 369 1155 406 πλούτου
1180 373 1322 414 πενίαν,

186 431 276 477 ὑπὲρ
301 435 366 468 τοῦ
390 435 522 473 τέλειος
544 437 737 479 γενέσθαι,
767 436 931 473 πεισθεὶς
954 422 1028 472 rof}
1047 432 1164 477 Ἰησοῦ
1191 431 1324 477 λόγοις,

184 493 330 540 ἀθρόως
353 493 399 529 ἶὶν
433 500 653 540 βοηθηθείη,
688 494 735 536 ὥς
760 498 795 531 οἱ
831 494 1029 531 ἀπόστολοι
1059 496 1124 530 τοῦ
1150 495 1324 539 Χριστοῦ,

183 556 275 601 πρὸς
298 556 337 592 τὸ
362 561 534 602 γενέσθαι
562 558 678 604 σοφὸς
702 558 742 592 ἐν
767 561 935 607 Χριστῷ,
962 559 1022 592 καὶ
1048 557 1234 603 ἀνδρεῖος,
1260 555 1323 590 καὶ

183 620 333 659 δίκαιος,
359 621 421 654 καὶ
447 618 625 666 σώᾳρων,
659 623 720 654 καὶ
746 619 845 659 ἐκτὸς
870 618 1006 659 παντὸς
1030 618 1187 658 πάθους.
1237 615 1321 662 Φή-

181 693 236 717 σει
261 682 302 716 δὲ
329 680 347 716 ὁ
375 680 487 720 οὕτως
509 681 832 727 ἀπολογούμενος,
866 668 920 717 {iit
956 681 1021 717 οὐκ
1047 681 1189 727 ἀνάγκη
1213 682 1319 715 τοῦτο

182 746 359 787 νοηθῆναι
387 743 495 787 αὐτῆς
520 742 655 790 ἡμέρας
679 745 886 789 ἀπαντῆσαι
911 746 959 790 τῷ
985 743 1252 789 ἀποδεδομένῳ
1274 740 1320 776 τὰ

179 804 406 850 ὑπάρχοντα,
432 808 494 840 καὶ
518 807 659 842 διδόντι,
683 812 860 853 πτωχοῖς·
886 805 959 841 ἀλλ’
987 809 1071 846 ἴσως
1093 805 1155 842 ἀπ’
1183 806 1321 848 ἐκείνης

179 869 250 912 μὲν
273 870 334 911 τῆς
356 866 494 913 ἡμέρας
526 866 666 914 ἄρξεται
703 868 720 913 ἡ
756 873 839 905 ὕει’-α
871 868 1051 913 {mamm}
1080 869 1141 905 ἐπὶ
1171 867 1213 903 τὰ
1238 880 1317 902 τοι-

180 932 272 965 αὔτα
305 929 418 965 αὐτὸν
441 928 563 977 ἄγειν·
595 934 688 978 λέγω
722 933 762 967 δὲ
793 931 858 976 τὴν
889 931 1086 975 ἐπαινετὴν
1117 929 1316 974 ἀπάθειαν,

179 979 241 1027 ziz),
266 995 394 1028 πᾶσαν
416 991 483 1037 τὴν
507 992 648 1040 ἀρετήν.
795 981 798 986 ”

268 1055 362 1089 ΧΙΧ.
409 1056 479 1089 Sed
518 1068 581 1088 nec
617 1055 704 1097 sugit
740 1055 948 1099 diligentiam
979 1055 1123 1101 Iprensis
1163 1053 1319 1100 episcopi

177 1116 287 1149 isthoc
313 1117 469 1159 Origenis
494 1118 754 1150 deliramentum
786 1117 855 1163 {am
888 1127 964 1151 ante
1001 1127 1156 1150 notatum
1180 1130 1198 1150 a
1221 1117 1319 1158 Mag-

177 1179 445 1221 deburgensibus
470 1179 567 1213 Cent.
593 1181 652 1219 lIl,
678 1193 750 1225 cap.
775 1180 828 1214 10.
843 1206 852 1220 ,
876 1180 969 1224 quod
993 1179 1186 1212 luculenter
1210 1177 1318 1220 exagi-

175 1250 225 1274 tat
249 1242 350 1275 Tom.
375 1243 403 1274 I.
428 1241 505 1276 libi.
522 1242 555 1277 6.
583 1234 656 1287 cap.
677 1242 729 1276 12.
755 1251 788 1275 et
808 1243 872 1283 15.,
896 1252 931 1275 et
954 1241 1139 1288 praecipue
1163 1240 1239 1274 libr.
1258 1240 1316 1272 IV.

175 1305 280 1337 Tomi
304 1304 473 1350 ejusdem,
498 1301 570 1349 cap.
597 1304 669 1344 19.‚
704 1304 764 1337 ubi
788 1305 873 1338 hanc
899 1304 1085 1341 ἀπάθειαν
1109 1317 1128 1336 e
1150 1303 1319 1349 Pythago-

174 1380 324 1407 reorum,
349 1367 557 1406 Stoicorum‚
582 1366 758 1408 Diogenis,
783 1366 980 1413 Pyrrhonis,
1003 1368 1218 1412 aliorumque
1242 1363 1318 1410 phi-

174 1428 401 1473 losophorum
429 1427 555 1460 scholis
584 1441 734 1461 manasse
765 1429 984 1462 demonstrat.
1037 1430 1076 1463 In
1113 1440 1181 1473 quo
1211 1427 1320 1460 miror

174 1490 240 1523 hoc
265 1490 296 1522 ei
322 1490 500 1523 excidisse:
528 1490 775 1535 »Quamquam
802 1503 863 1523 nec
880 1491 1044 1534 Origenes
1070 1490 1167 1536 hujus
1191 1491 1316 1535 impas-

173 1552 344 1586 sibilitatis
368 1552 498 1597 primus
523 1563 643 1586 auctor
666 1553 741 1586 suit.
779 1554 867 1586 Nam
890 1563 928 1586 ut
950 1553 1036 1586 nihil
1052 1554 1094 1586 de
1111 1552 1314 1596 Manichaeo

175 1615 286 1648 dicam
304 1641 311 1648 .
332 1641 338 1648 .
360 1641 366 1648 .
382 1641 389 1648 .
407 1642 414 1648 .
428 1639 436 1647 .
451 1642 459 1655 ,
484 1615 550 1661 jam
577 1615 660 1648 olim
681 1615 788 1648 Stoici
806 1625 970 1660 putantur
983 1616 1085 1648 fuisse
1101 1615 1196 1648 illius
1213 1614 1313 1649 ἄπα-
1361 1627 1366 1633 ·

174 1683 275 1717 ι’)έίας
305 1687 469 1711 auctores.
482 1694 499 1708 α
548 1667 655 1721 Quasi
682 1678 865 1720 Origenem
898 1677 1116 1711 Manichacus
1154 1687 1313 1722 tempore

172 1740 403 1784 praecesserit,
429 1753 529 1785 quem
556 1749 685 1772 certum
711 1749 760 1773 cst
783 1740 877 1773 annis
903 1749 981 1785 post
999 1739 1154 1782 Origenis
1180 1739 1312 1772 obitum

172 1802 308 1835 circiter
331 1801 449 1843 viginti
474 1812 506 1835 et
530 1815 599 1844 uno
625 1797 900 1834 hae1esin‘suam
933 1803 1174 1846 promulgasse.
1222 1802 1313 1835 Tum

171 1866 237 1897 hoc
262 1865 353 1904 loco,
379 1874 412 1897 et
436 1864 514 1898 libr.
541 1865 598 1898 VI.
631 1878 702 1909 cap.
730 1864 782 1898 12.
807 1864 911 1897 Tomi
935 1863 1106 1909 ejusdem,
1130 1863 1315 1898 Priscillia-

169 1940 268 1966 num,
299 1926 557 1966 Blanichaeum,
594 1926 795 1965 Gnosticos,
830 1925 1010 1967 Evagrium
1036 1925 1314 1971 Hyperboritam,

168 1988 401 2029 Jovinianum,
426 1989 618 2031 Pelagium,
641 1989 812 2032 totiusque
835 2000 942 2032 paene
968 1987 1092 2033 Syriae
1115 1989 1313 2021 Haereticos

171 2051 361 2083 doctrinam
394 2051 477 2083 hanc
507 2052 547 2083 ab
579 2050 725 2090 Origene
756 2050 912 2083 sumsisse
941 2060 1081 2083 auctore
1106 2051 1209 2084 docet
1230 2050 1313 2083 Hie-

171 2125 340 2156 ronymo;
376 2113 531 2157 interque
564 2125 622 2144 eos
659 2113 840 2154 Evagrium
877 2112 1002 2145 librum
1047 2112 1193 2145 edidisse
1227 2116 1311 2157 περὶ

172 2173 372 2213 ἀπαθείας,
410 2174 468 2218 qui
499 2187 517 2206 a
549 2174 675 2207 Rufino
701 2174 818 2207 Latine
844 2188 1026 2208 conversus
1051 2183 1110 2208 est.
1157 2173 1312 2208 Solerter

172 2235 295 2268 deinde
321 2236 494 2275 observat,
532 2249 599 2268 non
633 2236 710 2269 satis
736 2247 830 2269 caute
857 2237 1105 2284 Hieronymum
1131 2236 1165 2268 in
1189 2249 1243 2280 ep.
1268 2237 1310 2268 ad

171 2296 318 2341 Ctesiph.
347 2307 462 2330 contra
497 2297 607 2340 Pelag.
643 2312 713 2343 cap.
739 2300 788 2337 ⁴2.,
819 2309 851 2331 et
876 2299 908 2331 in
934 2299 1093 2332 Prooem.
1119 2299 1160 2331 ad
1186 2299 1308 2341 dialog.
