<?xml version="1.0" encoding="UTF-8"?>
<!DOCTYPE html PUBLIC "-//W3C//DTD XHTML 1.0 Transitional//EN"
    "http://www.w3.org/TR/xhtml1/DTD/xhtml1-transitional.dtd">
<html xmlns="http://www.w3.org/1999/xhtml" xml:lang="en" lang="en">
 <head>
  <title>
</title>
<meta http-equiv="Content-Type" content="text/html;charset=utf-8" />
  <meta name='ocr-system' content='tesseract 3.04.00' />
  <meta name='ocr-capabilities' content='ocr_page ocr_carea ocr_par ocr_line ocrx_word'/>
</head>
<body>
  <div class='ocr_page' id='page_1' title='image "./operaomniaquaegr23orig_0217.png"; bbox 0 0 1403 2492; ppageno 0'>
   <div class='ocr_carea' id='block_1_1' title="bbox 11 415 16 1042">
    <p class='ocr_par' dir='ltr' id='par_1_1' title="bbox 11 415 16 1042">
     <span class='ocr_line' id='line_1_1' title="bbox 11 415 16 1042; baseline 0 0"><span class='ocrx_word' id='word_1_1' title='bbox 11 415 16 1042; x_wconf 95' lang='lat' dir='ltr'><strong> </strong></span> 
     </span>
    </p>
   </div>
   <div class='ocr_carea' id='block_1_2' title="bbox 0 0 21 2492">
    <p class='ocr_par' dir='ltr' id='par_1_2' title="bbox 0 0 21 2492">
     <span class='ocr_line' id='line_1_2' title="bbox 0 0 21 2492; baseline 0 0"><span class='ocrx_word' id='word_1_2' title='bbox 0 0 21 2492; x_wconf 95' lang='lat' dir='ltr'><strong> </strong></span> 
     </span>
    </p>
   </div>
   <div class='ocr_carea' id='block_1_3' title="bbox 413 98 1240 136">
    <p class='ocr_par' dir='ltr' id='par_1_3' title="bbox 413 98 1240 136">
     <span class='ocr_line' id='line_1_3' title="bbox 413 98 1240 136; baseline -0.004 0"><span class='ocrx_word' id='word_1_3' title='bbox 413 103 720 136; x_wconf 66' lang='lat' dir='ltr'><strong>Omesmmonom</strong></span> <span class='ocrx_word' id='word_1_4' title='bbox 750 99 862 132; x_wconf 66' lang='lat' dir='ltr'><strong>Lmen</strong></span> <span class='ocrx_word' id='word_1_5' title='bbox 888 98 934 130; x_wconf 87' lang='grc' dir='ltr'><strong>Π.</strong></span> <span class='ocrx_word' id='word_1_6' title='bbox 1171 98 1240 134; x_wconf 82' lang='grc'><strong>203</strong></span> 
     </span>
    </p>
   </div>
   <div class='ocr_carea' id='block_1_4' title="bbox 100 187 1240 2267">
    <p class='ocr_par' dir='ltr' id='par_1_4' title="bbox 102 187 1240 608">
     <span class='ocr_line' id='line_1_4' title="bbox 109 187 1238 238; baseline -0.006 -12"><span class='ocrx_word' id='word_1_7' title='bbox 109 193 223 226; x_wconf 86' lang='lat' dir='ltr'><strong>dinem</strong></span> <span class='ocrx_word' id='word_1_8' title='bbox 248 192 453 238; x_wconf 84' lang='lat' dir='ltr'><strong>possidere.«</strong></span> <span class='ocrx_word' id='word_1_9' title='bbox 514 189 647 234; x_wconf 79' lang='lat' dir='ltr'><strong>Quibus</strong></span> <span class='ocrx_word' id='word_1_10' title='bbox 678 198 711 222; x_wconf 91' lang='lat' dir='ltr'><strong>et</strong></span> <span class='ocrx_word' id='word_1_11' title='bbox 742 188 824 221; x_wconf 83' lang='lat' dir='ltr'><strong>haec</strong></span> <span class='ocrx_word' id='word_1_12' title='bbox 854 187 1066 233; x_wconf 72' lang='lat' dir='ltr'><strong>adjungenda</strong></span> <span class='ocrx_word' id='word_1_13' title='bbox 1097 200 1114 219; x_wconf 82' lang='lat' dir='ltr'><strong>e</strong></span> <span class='ocrx_word' id='word_1_14' title='bbox 1148 187 1238 220; x_wconf 79' lang='lat' dir='ltr'><strong>libro</strong></span> 
     </span>
     <span class='ocr_line' id='line_1_5' title="bbox 109 249 1238 300; baseline -0.005 -12"><span class='ocrx_word' id='word_1_15' title='bbox 109 256 243 296; x_wconf 86' lang='lat' dir='ltr'><strong>eodem,</strong></span> <span class='ocrx_word' id='word_1_16' title='bbox 268 268 338 300; x_wconf 83' lang='lat' dir='ltr'><strong>cap.</strong></span> <span class='ocrx_word' id='word_1_17' title='bbox 365 254 394 289; x_wconf 85' lang='lat'><strong>1.</strong></span> <span class='ocrx_word' id='word_1_18' title='bbox 418 266 510 287; x_wconf 87' lang='lat' dir='ltr'><strong>num.</strong></span> <span class='ocrx_word' id='word_1_19' title='bbox 534 252 588 286; x_wconf 83' lang='lat'><strong>21.</strong></span> <span class='ocrx_word' id='word_1_20' title='bbox 638 251 708 283; x_wconf 85' lang='lat' dir='ltr'><strong>»Ex</strong></span> <span class='ocrx_word' id='word_1_21' title='bbox 740 262 807 294; x_wconf 93' lang='lat' dir='ltr'><strong>quo</strong></span> <span class='ocrx_word' id='word_1_22' title='bbox 840 249 1037 294; x_wconf 73' lang='lat' dir='ltr'>opinamur,</span> <span class='ocrx_word' id='word_1_23' title='bbox 1077 250 1238 294; x_wconf 86' lang='lat' dir='ltr'><strong>quoniam</strong></span> 
     </span>
     <span class='ocr_line' id='line_1_6' title="bbox 107 310 1240 361; baseline -0.005 -12"><span class='ocrx_word' id='word_1_24' title='bbox 107 317 258 361; x_wconf 83' lang='lat' dir='ltr'><strong>quidem,</strong></span> <span class='ocrx_word' id='word_1_25' title='bbox 281 318 338 360; x_wconf 79' lang='lat' dir='ltr'><strong>(ut</strong></span> <span class='ocrx_word' id='word_1_26' title='bbox 361 316 553 360; x_wconf 76' lang='lat' dir='ltr'><strong>{requenter</strong></span> <span class='ocrx_word' id='word_1_27' title='bbox 577 312 745 356; x_wconf 81' lang='lat' dir='ltr'><strong>diximus‚)</strong></span> <span class='ocrx_word' id='word_1_28' title='bbox 771 311 970 344; x_wconf 82' lang='lat' dir='ltr'><strong>immortalis</strong></span> <span class='ocrx_word' id='word_1_29' title='bbox 996 320 1044 344; x_wconf 84' lang='lat' dir='ltr'><strong>est</strong></span> <span class='ocrx_word' id='word_1_30' title='bbox 1069 310 1180 344; x_wconf 81' lang='lat' dir='ltr'><strong>anima</strong></span> <span class='ocrx_word' id='word_1_31' title='bbox 1205 321 1240 344; x_wconf 90' lang='lat' dir='ltr'><strong>et</strong></span> 
     </span>
     <span class='ocr_line' id='line_1_7' title="bbox 106 373 1239 422; baseline -0.004 -11"><span class='ocrx_word' id='word_1_32' title='bbox 106 389 256 418; x_wconf 83' lang='lat' dir='ltr'><strong>aeterna,</strong></span> <span class='ocrx_word' id='word_1_33' title='bbox 289 378 382 422; x_wconf 91' lang='lat' dir='ltr'><strong>quod</strong></span> <span class='ocrx_word' id='word_1_34' title='bbox 414 377 448 410; x_wconf 88' lang='lat' dir='ltr'><strong>in</strong></span> <span class='ocrx_word' id='word_1_35' title='bbox 471 375 585 409; x_wconf 80' lang='lat' dir='ltr'><strong>multis</strong></span> <span class='ocrx_word' id='word_1_36' title='bbox 610 385 644 408; x_wconf 88' lang='lat' dir='ltr'><strong>et</strong></span> <span class='ocrx_word' id='word_1_37' title='bbox 666 375 737 408; x_wconf 89' lang='lat' dir='ltr'><strong>sine</strong></span> <span class='ocrx_word' id='word_1_38' title='bbox 761 375 827 407; x_wconf 83' lang='lat' dir='ltr'><strong>fine</strong></span> <span class='ocrx_word' id='word_1_39' title='bbox 851 373 968 419; x_wconf 84' lang='lat' dir='ltr'><strong>spatiis</strong></span> <span class='ocrx_word' id='word_1_40' title='bbox 992 387 1054 418; x_wconf 84' lang='lat' dir='ltr'><strong>per</strong></span> <span class='ocrx_word' id='word_1_41' title='bbox 1075 373 1239 407; x_wconf 77' lang='lat' dir='ltr'><strong>immensa</strong></span> 
     </span>
     <span class='ocr_line' id='line_1_8' title="bbox 105 433 1239 483; baseline -0.004 -11"><span class='ocrx_word' id='word_1_42' title='bbox 105 449 140 472; x_wconf 85' lang='lat' dir='ltr'><strong>et</strong></span> <span class='ocrx_word' id='word_1_43' title='bbox 164 441 292 473; x_wconf 85' lang='lat' dir='ltr'><strong>diversa</strong></span> <span class='ocrx_word' id='word_1_44' title='bbox 315 433 446 472; x_wconf 81' lang='lat' dir='ltr'><strong>saecula</strong></span> <span class='ocrx_word' id='word_1_45' title='bbox 469 437 630 483; x_wconf 76' lang='lat' dir='ltr'><strong>possibile</strong></span> <span class='ocrx_word' id='word_1_46' title='bbox 655 446 721 477; x_wconf 89' lang='lat' dir='ltr'><strong>est,</strong></span> <span class='ocrx_word' id='word_1_47' title='bbox 744 445 782 469; x_wconf 87' lang='lat' dir='ltr'><strong>ut</strong></span> <span class='ocrx_word' id='word_1_48' title='bbox 805 449 822 469; x_wconf 86' lang='lat' dir='ltr'><strong>a</strong></span> <span class='ocrx_word' id='word_1_49' title='bbox 846 448 980 469; x_wconf 88' lang='lat' dir='ltr'><strong>summo</strong></span> <span class='ocrx_word' id='word_1_50' title='bbox 1005 436 1098 467; x_wconf 89' lang='lat' dir='ltr'><strong>bono</strong></span> <span class='ocrx_word' id='word_1_51' title='bbox 1123 436 1165 468; x_wconf 82' lang='lat' dir='ltr'><strong>ad</strong></span> <span class='ocrx_word' id='word_1_52' title='bbox 1189 436 1239 467; x_wconf 66' lang='lat' dir='ltr'><strong>ino</strong></span> 
     </span>
     <span class='ocr_line' id='line_1_9' title="bbox 104 497 1239 540; baseline -0.004 -6"><span class='ocrx_word' id='word_1_53' title='bbox 104 502 183 534; x_wconf 79' lang='lat' dir='ltr'><strong>sima</strong></span> <span class='ocrx_word' id='word_1_54' title='bbox 205 501 292 534; x_wconf 84' lang='lat' dir='ltr'><strong>mala</strong></span> <span class='ocrx_word' id='word_1_55' title='bbox 316 501 506 540; x_wconf 83' lang='lat' dir='ltr'><strong>descendat,</strong></span> <span class='ocrx_word' id='word_1_56' title='bbox 530 507 566 532; x_wconf 87' lang='lat' dir='ltr'><strong>et</strong></span> <span class='ocrx_word' id='word_1_57' title='bbox 587 499 629 531; x_wconf 87' lang='lat' dir='ltr'><strong>ab</strong></span> <span class='ocrx_word' id='word_1_58' title='bbox 653 497 781 531; x_wconf 76' lang='lat' dir='ltr'>ultimis</span> <span class='ocrx_word' id='word_1_59' title='bbox 811 497 907 531; x_wconf 87' lang='lat' dir='ltr'><strong>malis</strong></span> <span class='ocrx_word' id='word_1_60' title='bbox 931 497 973 530; x_wconf 85' lang='lat' dir='ltr'><strong>ad</strong></span> <span class='ocrx_word' id='word_1_61' title='bbox 996 509 1127 530; x_wconf 80' lang='lat' dir='ltr'><strong>summa</strong></span> <span class='ocrx_word' id='word_1_62' title='bbox 1149 497 1239 530; x_wconf 85' lang='lat' dir='ltr'><strong>bona</strong></span> 
     </span>
     <span class='ocr_line' id='line_1_10' title="bbox 102 573 312 608; baseline -0.005 -12"><span class='ocrx_word' id='word_1_63' title='bbox 102 573 285 608; x_wconf 75' lang='lat' dir='ltr'>reparetur.</span> <span class='ocrx_word' id='word_1_64' title='bbox 295 575 312 591; x_wconf 89' lang='lat'>«</span> 
     </span>
    </p>

    <p class='ocr_par' dir='ltr' id='par_1_5' title="bbox 100 620 1240 2267">
     <span class='ocr_line' id='line_1_11' title="bbox 192 620 1239 667; baseline -0.004 -10"><span class='ocrx_word' id='word_1_65' title='bbox 192 625 268 658; x_wconf 88' lang='lat' dir='ltr'><strong>XX.</strong></span> <span class='ocrx_word' id='word_1_66' title='bbox 318 623 423 667; x_wconf 88' lang='lat' dir='ltr'><strong>Quod</strong></span> <span class='ocrx_word' id='word_1_67' title='bbox 446 621 473 655; x_wconf 81' lang='lat' dir='ltr'><strong>si</strong></span> <span class='ocrx_word' id='word_1_68' title='bbox 497 621 570 666; x_wconf 90' lang='lat' dir='ltr'><strong>quis</strong></span> <span class='ocrx_word' id='word_1_69' title='bbox 595 622 792 664; x_wconf 82' lang='lat' dir='ltr'><strong>dogmatum</strong></span> <span class='ocrx_word' id='word_1_70' title='bbox 815 621 956 654; x_wconf 77' lang='lat' dir='ltr'><strong>istorum</strong></span> <span class='ocrx_word' id='word_1_71' title='bbox 987 620 1139 666; x_wconf 77' lang='lat' dir='ltr'><strong>requirat</strong></span> <span class='ocrx_word' id='word_1_72' title='bbox 1171 621 1239 654; x_wconf 86' lang='lat' dir='ltr'><strong>ori-</strong></span> 
     </span>
     <span class='ocr_line' id='line_1_12' title="bbox 104 682 1240 728; baseline -0.003 -10"><span class='ocrx_word' id='word_1_73' title='bbox 104 685 235 728; x_wconf 81' lang='lat' dir='ltr'><strong>ginem,</strong></span> <span class='ocrx_word' id='word_1_74' title='bbox 270 684 352 718; x_wconf 83' lang='lat' dir='ltr'><strong>sciat</strong></span> <span class='ocrx_word' id='word_1_75' title='bbox 381 684 440 716; x_wconf 87' lang='lat' dir='ltr'><strong>ille</strong></span> <span class='ocrx_word' id='word_1_76' title='bbox 469 692 603 727; x_wconf 69' lang='lat' dir='ltr'><strong>praeter</strong></span> <span class='ocrx_word' id='word_1_77' title='bbox 627 684 791 728; x_wconf 81' lang='lat' dir='ltr'>quaedam</span> <span class='ocrx_word' id='word_1_78' title='bbox 815 682 1010 727; x_wconf 80' lang='lat' dir='ltr'><strong>scripturae</strong></span> <span class='ocrx_word' id='word_1_79' title='bbox 1034 683 1240 722; x_wconf 82' lang='lat' dir='ltr'><strong>testimonia,</strong></span> 
     </span>
     <span class='ocr_line' id='line_1_13' title="bbox 103 744 1240 792; baseline -0.003 -13"><span class='ocrx_word' id='word_1_80' title='bbox 103 760 187 792; x_wconf 82' lang='lat' dir='ltr'><strong>quae</strong></span> <span class='ocrx_word' id='word_1_81' title='bbox 211 760 289 779; x_wconf 87' lang='lat' dir='ltr'><strong>mox</strong></span> <span class='ocrx_word' id='word_1_82' title='bbox 313 759 332 778; x_wconf 81' lang='lat' dir='ltr'><strong>a</strong></span> <span class='ocrx_word' id='word_1_83' title='bbox 355 745 452 778; x_wconf 85' lang='lat' dir='ltr'><strong>nobis</strong></span> <span class='ocrx_word' id='word_1_84' title='bbox 480 754 744 778; x_wconf 87' lang='lat' dir='ltr'><strong>commemorata</strong></span> <span class='ocrx_word' id='word_1_85' title='bbox 768 753 865 784; x_wconf 87' lang='lat' dir='ltr'><strong>sunt,</strong></span> <span class='ocrx_word' id='word_1_86' title='bbox 889 744 1129 777; x_wconf 81' lang='lat' dir='ltr'><strong>Adamantium</strong></span> <span class='ocrx_word' id='word_1_87' title='bbox 1154 758 1240 789; x_wconf 86' lang='lat' dir='ltr'><strong>quo-</strong></span> 
     </span>
     <span class='ocr_line' id='line_1_14' title="bbox 104 806 1238 852; baseline -0.002 -12"><span class='ocrx_word' id='word_1_88' title='bbox 104 821 169 852; x_wconf 90' lang='lat' dir='ltr'><strong>que</strong></span> <span class='ocrx_word' id='word_1_89' title='bbox 193 807 226 840; x_wconf 87' lang='lat' dir='ltr'><strong>in</strong></span> <span class='ocrx_word' id='word_1_90' title='bbox 251 821 402 840; x_wconf 89' lang='lat' dir='ltr'><strong>errorem</strong></span> <span class='ocrx_word' id='word_1_91' title='bbox 426 807 595 840; x_wconf 82' lang='lat' dir='ltr'><strong>induxisse</strong></span> <span class='ocrx_word' id='word_1_92' title='bbox 620 806 709 839; x_wconf 80' lang='lat' dir='ltr'><strong>male</strong></span> <span class='ocrx_word' id='word_1_93' title='bbox 734 806 994 851; x_wconf 82' lang='lat' dir='ltr'><strong>interpretatum</strong></span> <span class='ocrx_word' id='word_1_94' title='bbox 1017 806 1122 847; x_wconf 84' lang='lat' dir='ltr'><strong>illud,</strong></span> <span class='ocrx_word' id='word_1_95' title='bbox 1144 807 1238 851; x_wconf 88' lang='lat' dir='ltr'><strong>quod</strong></span> 
     </span>
     <span class='ocr_line' id='line_1_15' title="bbox 104 867 1237 919; baseline -0.002 -17"><span class='ocrx_word' id='word_1_96' title='bbox 104 878 208 902; x_wconf 79' lang='lat' dir='ltr'><strong>exstat</strong></span> <span class='ocrx_word' id='word_1_97' title='bbox 233 869 337 919; x_wconf 80' lang='lat' dir='ltr'><strong>Isaiae</strong></span> <span class='ocrx_word' id='word_1_98' title='bbox 361 870 489 909; x_wconf 84' lang='lat' dir='ltr'><strong>XXlV,</strong></span> <span class='ocrx_word' id='word_1_99' title='bbox 513 869 568 903; x_wconf 82' lang='lat'><strong>22.</strong></span> <span class='ocrx_word' id='word_1_100' title='bbox 619 883 658 900; x_wconf 67' lang='grc' dir='ltr'><strong>»υ</strong></span> <span class='ocrx_word' id='word_1_101' title='bbox 668 868 712 900; x_wconf 90' lang='lat' dir='ltr'><strong>Et</strong></span> <span class='ocrx_word' id='word_1_102' title='bbox 741 868 940 900; x_wconf 80' lang='lat' dir='ltr'><strong>claudentur</strong></span> <span class='ocrx_word' id='word_1_103' title='bbox 963 867 1011 900; x_wconf 83' lang='lat' dir='ltr'><strong>ibi</strong></span> <span class='ocrx_word' id='word_1_104' title='bbox 1035 867 1070 900; x_wconf 87' lang='lat' dir='ltr'><strong>in</strong></span> <span class='ocrx_word' id='word_1_105' title='bbox 1095 881 1237 908; x_wconf 80' lang='lat' dir='ltr'><strong>carcere,</strong></span> 
     </span>
     <span class='ocr_line' id='line_1_16' title="bbox 102 929 1238 976; baseline -0.003 -11"><span class='ocrx_word' id='word_1_106' title='bbox 102 941 135 964; x_wconf 89' lang='lat' dir='ltr'><strong>et</strong></span> <span class='ocrx_word' id='word_1_107' title='bbox 159 941 238 976; x_wconf 86' lang='lat' dir='ltr'><strong>post</strong></span> <span class='ocrx_word' id='word_1_108' title='bbox 261 933 387 965; x_wconf 87' lang='lat' dir='ltr'><strong>multos</strong></span> <span class='ocrx_word' id='word_1_109' title='bbox 412 931 482 963; x_wconf 84' lang='lat' dir='ltr'><strong>dies</strong></span> <span class='ocrx_word' id='word_1_110' title='bbox 508 930 796 963; x_wconf 85' lang='lat' dir='ltr'><strong>visitabuntur:««</strong></span> <span class='ocrx_word' id='word_1_111' title='bbox 824 939 857 963; x_wconf 89' lang='lat' dir='ltr'><strong>et</strong></span> <span class='ocrx_word' id='word_1_112' title='bbox 881 930 946 963; x_wconf 87' lang='lat' dir='ltr'><strong>hoc</strong></span> <span class='ocrx_word' id='word_1_113' title='bbox 970 931 1094 966; x_wconf 80' lang='lat' dir='ltr'><strong>Joann.</strong></span> <span class='ocrx_word' id='word_1_114' title='bbox 1114 930 1159 970; x_wconf 88' lang='lat' dir='ltr'><strong>X,</strong></span> <span class='ocrx_word' id='word_1_115' title='bbox 1186 929 1238 964; x_wconf 84' lang='lat'><strong>16.</strong></span> 
     </span>
     <span class='ocr_line' id='line_1_17' title="bbox 104 990 1239 1036; baseline -0.004 -10"><span class='ocrx_word' id='word_1_116' title='bbox 104 993 231 1026; x_wconf 74' lang='lat' dir='ltr'><strong>›mFiet</strong></span> <span class='ocrx_word' id='word_1_117' title='bbox 253 1007 358 1026; x_wconf 91' lang='lat' dir='ltr'><strong>unum</strong></span> <span class='ocrx_word' id='word_1_118' title='bbox 384 993 485 1033; x_wconf 79' lang='lat' dir='ltr'><strong>ovile,</strong></span> <span class='ocrx_word' id='word_1_119' title='bbox 510 1002 544 1025; x_wconf 88' lang='lat' dir='ltr'><strong>et</strong></span> <span class='ocrx_word' id='word_1_120' title='bbox 567 1005 651 1025; x_wconf 90' lang='lat' dir='ltr'><strong>unus</strong></span> <span class='ocrx_word' id='word_1_121' title='bbox 676 1001 859 1036; x_wconf 60' lang='lat' dir='ltr'><strong>panorm«</strong></span> <span class='ocrx_word' id='word_1_122' title='bbox 888 992 981 1036; x_wconf 90' lang='lat' dir='ltr'><strong>quod</strong></span> <span class='ocrx_word' id='word_1_123' title='bbox 1001 991 1072 1035; x_wconf 87' lang='lat' dir='ltr'><strong>ipse</strong></span> <span class='ocrx_word' id='word_1_124' title='bbox 1096 990 1130 1023; x_wconf 85' lang='lat' dir='ltr'><strong>in</strong></span> <span class='ocrx_word' id='word_1_125' title='bbox 1156 991 1239 1032; x_wconf 85' lang='lat' dir='ltr'><strong>dog-</strong></span> 
     </span>
     <span class='ocr_line' id='line_1_18' title="bbox 100 1053 1238 1099; baseline -0.002 -13"><span class='ocrx_word' id='word_1_126' title='bbox 100 1053 198 1087; x_wconf 77' lang='lat' dir='ltr'><strong>matis</strong></span> <span class='ocrx_word' id='word_1_127' title='bbox 231 1054 283 1088; x_wconf 84' lang='lat' dir='ltr'><strong>sui</strong></span> <span class='ocrx_word' id='word_1_128' title='bbox 318 1054 555 1087; x_wconf 78' lang='lat' dir='ltr'><strong>fulcimentum</strong></span> <span class='ocrx_word' id='word_1_129' title='bbox 590 1063 729 1099; x_wconf 79' lang='lat' dir='ltr'><strong>usurpat</strong></span> <span class='ocrx_word' id='word_1_130' title='bbox 768 1053 803 1086; x_wconf 84' lang='lat' dir='ltr'><strong>in</strong></span> <span class='ocrx_word' id='word_1_131' title='bbox 847 1053 913 1085; x_wconf 82' lang='lat' dir='ltr'><strong>fine</strong></span> <span class='ocrx_word' id='word_1_132' title='bbox 952 1053 1082 1085; x_wconf 88' lang='lat' dir='ltr'><strong>Homil.</strong></span> <span class='ocrx_word' id='word_1_133' title='bbox 1108 1053 1167 1085; x_wconf 88' lang='lat' dir='ltr'><strong>Vl.</strong></span> <span class='ocrx_word' id='word_1_134' title='bbox 1204 1053 1238 1085; x_wconf 88' lang='lat' dir='ltr'><strong>in</strong></span> 
     </span>
     <span class='ocr_line' id='line_1_19' title="bbox 101 1114 1239 1161; baseline -0.003 -13"><span class='ocrx_word' id='word_1_135' title='bbox 101 1116 202 1148; x_wconf 83' lang='lat' dir='ltr'><strong>Num.</strong></span> <span class='ocrx_word' id='word_1_136' title='bbox 257 1117 342 1149; x_wconf 68' lang='lat' dir='ltr'><strong>Item</strong></span> <span class='ocrx_word' id='word_1_137' title='bbox 373 1116 460 1150; x_wconf 82' lang='lat' dir='ltr'><strong>illud</strong></span> <span class='ocrx_word' id='word_1_138' title='bbox 496 1130 513 1149; x_wconf 85' lang='lat' dir='ltr'><strong>e</strong></span> <span class='ocrx_word' id='word_1_139' title='bbox 543 1116 722 1161; x_wconf 83' lang='lat' dir='ltr'><strong>parabola,</strong></span> <span class='ocrx_word' id='word_1_140' title='bbox 761 1128 860 1160; x_wconf 78' lang='lat' dir='ltr'><strong>quam</strong></span> <span class='ocrx_word' id='word_1_141' title='bbox 890 1114 1055 1159; x_wconf 82' lang='lat' dir='ltr'>proponit</span> <span class='ocrx_word' id='word_1_142' title='bbox 1087 1114 1239 1146; x_wconf 81' lang='lat' dir='ltr'><strong>Christus</strong></span> 
     </span>
     <span class='ocr_line' id='line_1_20' title="bbox 103 1175 1238 1220; baseline -0.004 -9"><span class='ocrx_word' id='word_1_143' title='bbox 103 1176 223 1211; x_wconf 77' lang='lat' dir='ltr'><strong>Matth.</strong></span> <span class='ocrx_word' id='word_1_144' title='bbox 248 1179 385 1218; x_wconf 84' lang='lat' dir='ltr'>XVIII,</span> <span class='ocrx_word' id='word_1_145' title='bbox 410 1177 483 1217; x_wconf 80' lang='lat'><strong>23.‚</strong></span> <span class='ocrx_word' id='word_1_146' title='bbox 516 1191 592 1209; x_wconf 90' lang='lat' dir='ltr'><strong>cum</strong></span> <span class='ocrx_word' id='word_1_147' title='bbox 616 1190 748 1210; x_wconf 86' lang='lat' dir='ltr'><strong>servum</strong></span> <span class='ocrx_word' id='word_1_148' title='bbox 775 1189 918 1220; x_wconf 80' lang='lat' dir='ltr'><strong>nequam</strong></span> <span class='ocrx_word' id='word_1_149' title='bbox 943 1175 1045 1208; x_wconf 83' lang='lat' dir='ltr'><strong>iratus</strong></span> <span class='ocrx_word' id='word_1_150' title='bbox 1069 1175 1238 1208; x_wconf 76' lang='lat' dir='ltr'><strong>Dominus</strong></span> 
     </span>
     <span class='ocr_line' id='line_1_21' title="bbox 102 1237 1240 1284; baseline -0.002 -14"><span class='ocrx_word' id='word_1_151' title='bbox 102 1238 197 1284; x_wconf 81' lang='lat' dir='ltr'><strong>jussit</strong></span> <span class='ocrx_word' id='word_1_152' title='bbox 220 1239 408 1272; x_wconf 86' lang='lat' dir='ltr'><strong>tortoribus</strong></span> <span class='ocrx_word' id='word_1_153' title='bbox 433 1239 538 1279; x_wconf 84' lang='lat' dir='ltr'><strong>tradi,</strong></span> <span class='ocrx_word' id='word_1_154' title='bbox 570 1239 681 1284; x_wconf 87' lang='lat' dir='ltr'><strong>quoad</strong></span> <span class='ocrx_word' id='word_1_155' title='bbox 713 1237 865 1270; x_wconf 77' lang='lat' dir='ltr'><strong>debitum</strong></span> <span class='ocrx_word' id='word_1_156' title='bbox 889 1237 1056 1278; x_wconf 73' lang='lat' dir='ltr'><strong>integrum</strong></span> <span class='ocrx_word' id='word_1_157' title='bbox 1081 1237 1240 1269; x_wconf 82' lang='lat' dir='ltr'><strong>refunde-</strong></span> 
     </span>
     <span class='ocr_line' id='line_1_22' title="bbox 104 1297 1239 1343; baseline -0.004 -10"><span class='ocrx_word' id='word_1_158' title='bbox 104 1311 165 1334; x_wconf 86' lang='lat' dir='ltr'><strong>ret.</strong></span> <span class='ocrx_word' id='word_1_159' title='bbox 212 1301 311 1334; x_wconf 88' lang='lat' dir='ltr'><strong>Unde</strong></span> <span class='ocrx_word' id='word_1_160' title='bbox 338 1301 501 1343; x_wconf 74' lang='lat' dir='ltr'><strong>Origenes</strong></span> <span class='ocrx_word' id='word_1_161' title='bbox 526 1301 654 1334; x_wconf 86' lang='lat' dir='ltr'><strong>Homil.</strong></span> <span class='ocrx_word' id='word_1_162' title='bbox 679 1300 822 1334; x_wconf 84' lang='lat' dir='ltr'>XXXV.</span> <span class='ocrx_word' id='word_1_163' title='bbox 855 1299 888 1331; x_wconf 86' lang='lat' dir='ltr'><strong>in</strong></span> <span class='ocrx_word' id='word_1_164' title='bbox 914 1299 995 1331; x_wconf 90' lang='lat' dir='ltr'><strong>Luc.</strong></span> <span class='ocrx_word' id='word_1_165' title='bbox 1045 1297 1163 1341; x_wconf 83' lang='lat' dir='ltr'><strong>»Quae</strong></span> <span class='ocrx_word' id='word_1_166' title='bbox 1189 1307 1239 1330; x_wconf 86' lang='lat' dir='ltr'><strong>est</strong></span> 
     </span>
     <span class='ocr_line' id='line_1_23' title="bbox 103 1361 1238 1407; baseline -0.004 -11"><span class='ocrx_word' id='word_1_167' title='bbox 103 1363 155 1396; x_wconf 84' lang='lat' dir='ltr'><strong>lex</strong></span> <span class='ocrx_word' id='word_1_168' title='bbox 181 1364 321 1396; x_wconf 79' lang='lat' dir='ltr'><strong>carceris</strong></span> <span class='ocrx_word' id='word_1_169' title='bbox 346 1362 468 1396; x_wconf 85' lang='lat' dir='ltr'><strong>istius?</strong></span> <span class='ocrx_word' id='word_1_170' title='bbox 491 1362 652 1407; x_wconf 75' lang='lat' dir='ltr'><strong>(Inferni)</strong></span> <span class='ocrx_word' id='word_1_171' title='bbox 684 1363 762 1394; x_wconf 89' lang='lat' dir='ltr'><strong>Non</strong></span> <span class='ocrx_word' id='word_1_172' title='bbox 795 1361 951 1403; x_wconf 85' lang='lat' dir='ltr'><strong>egredior</strong></span> <span class='ocrx_word' id='word_1_173' title='bbox 975 1372 1013 1392; x_wconf 83' lang='lat' dir='ltr'><strong>ex</strong></span> <span class='ocrx_word' id='word_1_174' title='bbox 1038 1373 1096 1399; x_wconf 66' lang='lat' dir='ltr'><strong>eo·</strong></span> <span class='ocrx_word' id='word_1_175' title='bbox 1126 1372 1238 1404; x_wconf 83' lang='lat' dir='ltr'><strong>neque</strong></span> 
     </span>
     <span class='ocr_line' id='line_1_24' title="bbox 103 1421 1234 1470; baseline -0.004 -14"><span class='ocrx_word' id='word_1_176' title='bbox 103 1438 158 1457; x_wconf 88' lang='lat' dir='ltr'><strong>mc</strong></span> <span class='ocrx_word' id='word_1_177' title='bbox 183 1434 317 1458; x_wconf 78' lang='lat' dir='ltr'><strong>exactor</strong></span> <span class='ocrx_word' id='word_1_178' title='bbox 339 1425 466 1470; x_wconf 80' lang='lat' dir='ltr'><strong>patitur</strong></span> <span class='ocrx_word' id='word_1_179' title='bbox 489 1424 589 1464; x_wconf 82' lang='lat' dir='ltr'><strong>exire,</strong></span> <span class='ocrx_word' id='word_1_180' title='bbox 613 1423 676 1456; x_wconf 88' lang='lat' dir='ltr'><strong>nisi</strong></span> <span class='ocrx_word' id='word_1_181' title='bbox 702 1423 854 1456; x_wconf 85' lang='lat' dir='ltr'><strong>debitum</strong></span> <span class='ocrx_word' id='word_1_182' title='bbox 879 1434 979 1455; x_wconf 86' lang='lat' dir='ltr'><strong>omne</strong></span> <span class='ocrx_word' id='word_1_183' title='bbox 1004 1421 1234 1465; x_wconf 61' lang='lat' dir='ltr'><strong>persolvera«</strong></span> 
     </span>
     <span class='ocr_line' id='line_1_25' title="bbox 101 1482 1238 1532; baseline -0.004 -12"><span class='ocrx_word' id='word_1_184' title='bbox 101 1486 229 1520; x_wconf 78' lang='lat' dir='ltr'><strong>Fr&#39;audi</strong></span> <span class='ocrx_word' id='word_1_185' title='bbox 254 1487 284 1520; x_wconf 84' lang='lat' dir='ltr'><strong>ei</strong></span> <span class='ocrx_word' id='word_1_186' title='bbox 308 1488 374 1520; x_wconf 85' lang='lat' dir='ltr'><strong>fuit</strong></span> <span class='ocrx_word' id='word_1_187' title='bbox 397 1499 574 1532; x_wconf 77' lang='lat' dir='ltr'><strong>perperam</strong></span> <span class='ocrx_word' id='word_1_188' title='bbox 599 1494 776 1530; x_wconf 77' lang='lat' dir='ltr'><strong>acceptum</strong></span> <span class='ocrx_word' id='word_1_189' title='bbox 801 1495 834 1518; x_wconf 87' lang='lat' dir='ltr'><strong>et</strong></span> <span class='ocrx_word' id='word_1_190' title='bbox 854 1485 943 1517; x_wconf 88' lang='lat' dir='ltr'><strong>istud</strong></span> <span class='ocrx_word' id='word_1_191' title='bbox 962 1482 1121 1528; x_wconf 78' lang='lat' dir='ltr'>Apostoli</span> <span class='ocrx_word' id='word_1_192' title='bbox 1138 1483 1238 1516; x_wconf 85' lang='lat' dir='ltr'><strong>Rom.</strong></span> 
     </span>
     <span class='ocr_line' id='line_1_26' title="bbox 101 1544 1239 1592; baseline -0.005 -11"><span class='ocrx_word' id='word_1_193' title='bbox 101 1548 163 1588; x_wconf 86' lang='lat' dir='ltr'><strong>XI,</strong></span> <span class='ocrx_word' id='word_1_194' title='bbox 186 1548 241 1583; x_wconf 83' lang='lat'><strong>25.</strong></span> <span class='ocrx_word' id='word_1_195' title='bbox 265 1548 319 1583; x_wconf 87' lang='grc'><strong>26.</strong></span> <span class='ocrx_word' id='word_1_196' title='bbox 369 1566 408 1581; x_wconf 69' lang='lat' dir='ltr'><strong>»n</strong></span> <span class='ocrx_word' id='word_1_197' title='bbox 421 1548 571 1582; x_wconf 84' lang='lat' dir='ltr'><strong>Caecitas</strong></span> <span class='ocrx_word' id='word_1_198' title='bbox 596 1561 633 1581; x_wconf 86' lang='lat' dir='ltr'><strong>ex</strong></span> <span class='ocrx_word' id='word_1_199' title='bbox 659 1557 753 1592; x_wconf 86' lang='lat' dir='ltr'><strong>parte</strong></span> <span class='ocrx_word' id='word_1_200' title='bbox 776 1546 916 1588; x_wconf 86' lang='lat' dir='ltr'><strong>contigit</strong></span> <span class='ocrx_word' id='word_1_201' title='bbox 937 1545 971 1578; x_wconf 91' lang='lat' dir='ltr'><strong>in</strong></span> <span class='ocrx_word' id='word_1_202' title='bbox 990 1544 1102 1584; x_wconf 79' lang='lat' dir='ltr'><strong>lsrael,</strong></span> <span class='ocrx_word' id='word_1_203' title='bbox 1128 1545 1239 1577; x_wconf 86' lang='lat' dir='ltr'><strong>donec</strong></span> 
     </span>
     <span class='ocr_line' id='line_1_27' title="bbox 101 1607 1238 1654; baseline -0.004 -12"><span class='ocrx_word' id='word_1_204' title='bbox 101 1610 280 1654; x_wconf 87' lang='lat' dir='ltr'><strong>plenitudo</strong></span> <span class='ocrx_word' id='word_1_205' title='bbox 307 1610 470 1643; x_wconf 87' lang='lat' dir='ltr'><strong>Gentium</strong></span> <span class='ocrx_word' id='word_1_206' title='bbox 501 1610 656 1642; x_wconf 75' lang='lat' dir='ltr'><strong>intraret:</strong></span> <span class='ocrx_word' id='word_1_207' title='bbox 695 1619 729 1642; x_wconf 86' lang='lat' dir='ltr'><strong>et</strong></span> <span class='ocrx_word' id='word_1_208' title='bbox 765 1609 812 1642; x_wconf 88' lang='lat' dir='ltr'><strong>sic</strong></span> <span class='ocrx_word' id='word_1_209' title='bbox 849 1607 958 1640; x_wconf 88' lang='lat' dir='ltr'><strong>omnis</strong></span> <span class='ocrx_word' id='word_1_210' title='bbox 990 1607 1093 1639; x_wconf 83' lang='lat' dir='ltr'><strong>Israel</strong></span> <span class='ocrx_word' id='word_1_211' title='bbox 1127 1607 1238 1638; x_wconf 80' lang='lat' dir='ltr'><strong>salvus</strong></span> 
     </span>
     <span class='ocr_line' id='line_1_28' title="bbox 102 1668 1240 1715; baseline -0.004 -11"><span class='ocrx_word' id='word_1_212' title='bbox 102 1672 256 1705; x_wconf 75' lang='lat' dir='ltr'><strong>ficret.««</strong></span> <span class='ocrx_word' id='word_1_213' title='bbox 307 1672 496 1704; x_wconf 81' lang='lat' dir='ltr'><strong>Piaculares</strong></span> <span class='ocrx_word' id='word_1_214' title='bbox 521 1681 645 1710; x_wconf 84' lang='lat' dir='ltr'><strong>autem,</strong></span> <span class='ocrx_word' id='word_1_215' title='bbox 671 1684 750 1715; x_wconf 79' lang='lat' dir='ltr'><strong>quas</strong></span> <span class='ocrx_word' id='word_1_216' title='bbox 775 1671 854 1709; x_wconf 85' lang='lat' dir='ltr'><strong>dixi,</strong></span> <span class='ocrx_word' id='word_1_217' title='bbox 879 1679 912 1702; x_wconf 85' lang='lat' dir='ltr'><strong>et</strong></span> <span class='ocrx_word' id='word_1_218' title='bbox 928 1668 1136 1714; x_wconf 77' lang='lat' dir='ltr'><strong>purgatorias</strong></span> <span class='ocrx_word' id='word_1_219' title='bbox 1155 1681 1240 1712; x_wconf 86' lang='lat' dir='ltr'><strong>poe-</strong></span> 
     </span>
     <span class='ocr_line' id='line_1_29' title="bbox 103 1730 1239 1774; baseline -0.004 -8"><span class='ocrx_word' id='word_1_220' title='bbox 103 1747 162 1767; x_wconf 87' lang='lat' dir='ltr'><strong>nas</strong></span> <span class='ocrx_word' id='word_1_221' title='bbox 185 1733 235 1766; x_wconf 86' lang='lat' dir='ltr'><strong>his</strong></span> <span class='ocrx_word' id='word_1_222' title='bbox 259 1732 412 1766; x_wconf 77' lang='lat' dir='ltr'><strong>defendit</strong></span> <span class='ocrx_word' id='word_1_223' title='bbox 437 1732 548 1764; x_wconf 85' lang='lat' dir='ltr'><strong>verbis</strong></span> <span class='ocrx_word' id='word_1_224' title='bbox 573 1745 612 1764; x_wconf 83' lang='lat' dir='ltr'><strong>ex</strong></span> <span class='ocrx_word' id='word_1_225' title='bbox 637 1733 649 1764; x_wconf 93' lang='lat' dir='ltr'>I</span> <span class='ocrx_word' id='word_1_226' title='bbox 670 1731 901 1770; x_wconf 83' lang='lat' dir='ltr'><strong>Cor.lll,12.,</strong></span> <span class='ocrx_word' id='word_1_227' title='bbox 927 1731 960 1762; x_wconf 89' lang='lat' dir='ltr'><strong>in</strong></span> <span class='ocrx_word' id='word_1_228' title='bbox 986 1730 1106 1774; x_wconf 88' lang='lat' dir='ltr'><strong>quibus</strong></span> <span class='ocrx_word' id='word_1_229' title='bbox 1124 1730 1239 1761; x_wconf 86' lang='lat' dir='ltr'><strong>unius-</strong></span> 
     </span>
     <span class='ocr_line' id='line_1_30' title="bbox 105 1790 1237 1841; baseline -0.004 -14"><span class='ocrx_word' id='word_1_230' title='bbox 105 1794 265 1841; x_wconf 84' lang='lat' dir='ltr'><strong>cujusque</strong></span> <span class='ocrx_word' id='word_1_231' title='bbox 291 1807 376 1838; x_wconf 88' lang='lat' dir='ltr'><strong>opus</strong></span> <span class='ocrx_word' id='word_1_232' title='bbox 400 1793 475 1835; x_wconf 85' lang='lat' dir='ltr'><strong>igne</strong></span> <span class='ocrx_word' id='word_1_233' title='bbox 500 1793 722 1826; x_wconf 75' lang='lat' dir='ltr'><strong>examinatum</strong></span> <span class='ocrx_word' id='word_1_234' title='bbox 750 1792 789 1824; x_wconf 86' lang='lat' dir='ltr'><strong>iri</strong></span> <span class='ocrx_word' id='word_1_235' title='bbox 815 1792 938 1824; x_wconf 85' lang='lat' dir='ltr'><strong>Paulus</strong></span> <span class='ocrx_word' id='word_1_236' title='bbox 962 1792 1116 1823; x_wconf 79' lang='lat' dir='ltr'><strong>affirmat.</strong></span> <span class='ocrx_word' id='word_1_237' title='bbox 1153 1790 1237 1824; x_wconf 85' lang='lat' dir='ltr'><strong>Aliis</strong></span> 
     </span>
     <span class='ocr_line' id='line_1_31' title="bbox 106 1851 1239 1901; baseline -0.004 -13"><span class='ocrx_word' id='word_1_238' title='bbox 106 1856 304 1900; x_wconf 76' lang='lat' dir='ltr'><strong>quibusdam</strong></span> <span class='ocrx_word' id='word_1_239' title='bbox 331 1855 500 1900; x_wconf 77' lang='lat' dir='ltr'><strong>opinionis</strong></span> <span class='ocrx_word' id='word_1_240' title='bbox 526 1854 622 1901; x_wconf 83' lang='lat' dir='ltr'><strong>hujus</strong></span> <span class='ocrx_word' id='word_1_241' title='bbox 647 1854 909 1899; x_wconf 78' lang='lat' dir='ltr'><strong>propugnaculis</strong></span> <span class='ocrx_word' id='word_1_242' title='bbox 939 1853 988 1885; x_wconf 80' lang='lat' dir='ltr'><strong>uti</strong></span> <span class='ocrx_word' id='word_1_243' title='bbox 1024 1853 1134 1885; x_wconf 82' lang='lat' dir='ltr'><strong>solere</strong></span> <span class='ocrx_word' id='word_1_244' title='bbox 1160 1851 1239 1885; x_wconf 85' lang='lat' dir='ltr'><strong>Ori-</strong></span> 
     </span>
     <span class='ocr_line' id='line_1_32' title="bbox 105 1913 1236 1962; baseline -0.004 -12"><span class='ocrx_word' id='word_1_245' title='bbox 105 1917 248 1959; x_wconf 83' lang='lat' dir='ltr'><strong>genistas</strong></span> <span class='ocrx_word' id='word_1_246' title='bbox 279 1917 379 1949; x_wconf 79' lang='lat' dir='ltr'><strong>tradit</strong></span> <span class='ocrx_word' id='word_1_247' title='bbox 410 1917 635 1962; x_wconf 70' lang='lat' dir='ltr'><strong>Hieronymus</strong></span> <span class='ocrx_word' id='word_1_248' title='bbox 667 1918 708 1950; x_wconf 82' lang='lat' dir='ltr'><strong>ad</strong></span> <span class='ocrx_word' id='word_1_249' title='bbox 741 1917 867 1949; x_wconf 61' lang='lat' dir='ltr'><strong>calcem</strong></span> <span class='ocrx_word' id='word_1_250' title='bbox 908 1913 1236 1947; x_wconf 81' lang='lat' dir='ltr'><strong>Commentariorum</strong></span> 
     </span>
     <span class='ocr_line' id='line_1_33' title="bbox 106 1975 1239 2019; baseline -0.004 -8"><span class='ocrx_word' id='word_1_251' title='bbox 106 1979 139 2011; x_wconf 89' lang='lat' dir='ltr'><strong>in</strong></span> <span class='ocrx_word' id='word_1_252' title='bbox 165 1978 299 2019; x_wconf 77' lang='lat' dir='ltr'><strong>lsaiam;</strong></span> <span class='ocrx_word' id='word_1_253' title='bbox 324 1979 387 2011; x_wconf 80' lang='lat' dir='ltr'><strong>hoc</strong></span> <span class='ocrx_word' id='word_1_254' title='bbox 412 1978 568 2011; x_wconf 83' lang='lat' dir='ltr'><strong>nimirum</strong></span> <span class='ocrx_word' id='word_1_255' title='bbox 595 1980 691 2012; x_wconf 79' lang='lat' dir='ltr'><strong>Pauli</strong></span> <span class='ocrx_word' id='word_1_256' title='bbox 716 1979 758 2010; x_wconf 76' lang='lat' dir='ltr'><strong>od</strong></span> <span class='ocrx_word' id='word_1_257' title='bbox 784 1979 882 2010; x_wconf 78' lang='lat' dir='ltr'><strong>Rom.</strong></span> <span class='ocrx_word' id='word_1_258' title='bbox 908 1977 968 2016; x_wconf 88' lang='lat' dir='ltr'><strong>Xl,</strong></span> <span class='ocrx_word' id='word_1_259' title='bbox 993 1976 1046 2011; x_wconf 70' lang='lat'><strong>3¹2.</strong></span> <span class='ocrx_word' id='word_1_260' title='bbox 1098 1975 1239 2008; x_wconf 74' lang='lat' dir='ltr'><strong>»nCon-</strong></span> 
     </span>
     <span class='ocr_line' id='line_1_34' title="bbox 107 2037 1235 2085; baseline -0.003 -12"><span class='ocrx_word' id='word_1_261' title='bbox 107 2041 204 2074; x_wconf 84' lang='lat' dir='ltr'><strong>clusit</strong></span> <span class='ocrx_word' id='word_1_262' title='bbox 231 2041 323 2073; x_wconf 83' lang='lat' dir='ltr'><strong>Deus</strong></span> <span class='ocrx_word' id='word_1_263' title='bbox 348 2040 461 2073; x_wconf 85' lang='lat' dir='ltr'><strong>onmia</strong></span> <span class='ocrx_word' id='word_1_264' title='bbox 485 2042 546 2073; x_wconf 81' lang='lat' dir='ltr'><strong>sub</strong></span> <span class='ocrx_word' id='word_1_265' title='bbox 571 2049 723 2085; x_wconf 82' lang='lat' dir='ltr'><strong>peccato,</strong></span> <span class='ocrx_word' id='word_1_266' title='bbox 747 2049 784 2072; x_wconf 89' lang='lat' dir='ltr'><strong>ut</strong></span> <span class='ocrx_word' id='word_1_267' title='bbox 799 2038 953 2071; x_wconf 85' lang='lat' dir='ltr'><strong>omnibus</strong></span> <span class='ocrx_word' id='word_1_268' title='bbox 973 2037 1235 2070; x_wconf 60' lang='lat' dir='ltr'><strong>misereaturffl«</strong></span> 
     </span>
     <span class='ocr_line' id='line_1_35' title="bbox 108 2098 1236 2144; baseline -0.004 -9"><span class='ocrx_word' id='word_1_269' title='bbox 108 2113 140 2135; x_wconf 83' lang='lat' dir='ltr'><strong>et</strong></span> <span class='ocrx_word' id='word_1_270' title='bbox 173 2102 234 2135; x_wconf 86' lang='lat' dir='ltr'><strong>illo</strong></span> <span class='ocrx_word' id='word_1_271' title='bbox 267 2102 368 2136; x_wconf 82' lang='lat' dir='ltr'><strong>Mich.</strong></span> <span class='ocrx_word' id='word_1_272' title='bbox 399 2103 478 2142; x_wconf 90' lang='lat' dir='ltr'><strong>Vll,</strong></span> <span class='ocrx_word' id='word_1_273' title='bbox 509 2103 539 2137; x_wconf 82' lang='grc'><strong>9.</strong></span> <span class='ocrx_word' id='word_1_274' title='bbox 591 2103 726 2135; x_wconf 73' lang='lat' dir='ltr'><strong>›mlram</strong></span> <span class='ocrx_word' id='word_1_275' title='bbox 758 2101 899 2134; x_wconf 82' lang='lat' dir='ltr'><strong>Domini</strong></span> <span class='ocrx_word' id='word_1_276' title='bbox 931 2100 1122 2138; x_wconf 77' lang='lat' dir='ltr'><strong>sustinebo,</strong></span> <span class='ocrx_word' id='word_1_277' title='bbox 1161 2098 1236 2144; x_wconf 80' lang='lat' dir='ltr'><strong>quia</strong></span> 
     </span>
     <span class='ocr_line' id='line_1_36' title="bbox 108 2160 1238 2210; baseline -0.004 -14"><span class='ocrx_word' id='word_1_278' title='bbox 108 2163 243 2209; x_wconf 80' lang='lat' dir='ltr'><strong>peccavi</strong></span> <span class='ocrx_word' id='word_1_279' title='bbox 269 2163 322 2196; x_wconf 82' lang='lat' dir='ltr'><strong>ei:</strong></span> <span class='ocrx_word' id='word_1_280' title='bbox 349 2164 455 2196; x_wconf 84' lang='lat' dir='ltr'><strong>donec</strong></span> <span class='ocrx_word' id='word_1_281' title='bbox 479 2164 638 2210; x_wconf 78' lang='lat' dir='ltr'><strong>justificet</strong></span> <span class='ocrx_word' id='word_1_282' title='bbox 663 2178 809 2196; x_wconf 84' lang='lat' dir='ltr'><strong>caussam</strong></span> <span class='ocrx_word' id='word_1_283' title='bbox 835 2176 956 2202; x_wconf 84' lang='lat' dir='ltr'><strong>meam,</strong></span> <span class='ocrx_word' id='word_1_284' title='bbox 982 2171 1014 2194; x_wconf 84' lang='lat' dir='ltr'><strong>ct</strong></span> <span class='ocrx_word' id='word_1_285' title='bbox 1037 2162 1164 2193; x_wconf 76' lang='lat' dir='ltr'><strong>auferat</strong></span> <span class='ocrx_word' id='word_1_286' title='bbox 1188 2160 1238 2205; x_wconf 75' lang='lat' dir='ltr'><strong>ju-</strong></span> 
     </span>
     <span class='ocr_line' id='line_1_37' title="bbox 107 2221 1238 2267; baseline -0.004 -9"><span class='ocrx_word' id='word_1_287' title='bbox 107 2226 232 2258; x_wconf 85' lang='lat' dir='ltr'><strong>dicium</strong></span> <span class='ocrx_word' id='word_1_288' title='bbox 259 2240 388 2267; x_wconf 80' lang='lat' dir='ltr'><strong>meum,</strong></span> <span class='ocrx_word' id='word_1_289' title='bbox 423 2236 455 2259; x_wconf 81' lang='lat' dir='ltr'><strong>et</strong></span> <span class='ocrx_word' id='word_1_290' title='bbox 487 2228 605 2259; x_wconf 86' lang='lat' dir='ltr'><strong>educat</strong></span> <span class='ocrx_word' id='word_1_291' title='bbox 629 2241 682 2259; x_wconf 83' lang='lat' dir='ltr'><strong>mc</strong></span> <span class='ocrx_word' id='word_1_292' title='bbox 707 2226 740 2258; x_wconf 83' lang='lat' dir='ltr'><strong>in</strong></span> <span class='ocrx_word' id='word_1_293' title='bbox 766 2227 942 2259; x_wconf 55' lang='lat' dir='ltr'><strong>luca-mm«</strong></span> <span class='ocrx_word' id='word_1_294' title='bbox 978 2233 1010 2255; x_wconf 83' lang='lat' dir='ltr'><strong>et</strong></span> <span class='ocrx_word' id='word_1_295' title='bbox 1042 2223 1106 2255; x_wconf 88' lang='lat' dir='ltr'><strong>hoc</strong></span> <span class='ocrx_word' id='word_1_296' title='bbox 1138 2221 1238 2254; x_wconf 83' lang='lat' dir='ltr'><strong>ctiam</strong></span> 
     </span>
    </p>
   </div>
   <div class='ocr_carea' id='block_1_5' title="bbox 109 2284 1238 2330">
    <p class='ocr_par' dir='ltr' id='par_1_6' title="bbox 109 2284 1238 2330">
     <span class='ocr_line' id='line_1_38' title="bbox 109 2284 1238 2330; baseline -0.004 -10"><span class='ocrx_word' id='word_1_297' title='bbox 109 2289 211 2321; x_wconf 77' lang='lat' dir='ltr'><strong>lsaiae</strong></span> <span class='ocrx_word' id='word_1_298' title='bbox 236 2289 312 2327; x_wconf 84' lang='grc' dir='ltr'><strong>ΧΗ,</strong></span> <span class='ocrx_word' id='word_1_299' title='bbox 344 2294 368 2324; x_wconf 86' lang='lat' dir='ltr'><strong>l.</strong></span> <span class='ocrx_word' id='word_1_300' title='bbox 420 2289 670 2322; x_wconf 69' lang='lat' dir='ltr'><strong>›chnedicam</strong></span> <span class='ocrx_word' id='word_1_301' title='bbox 696 2298 738 2329; x_wconf 73' lang='lat' dir='ltr'><strong>tc,</strong></span> <span class='ocrx_word' id='word_1_302' title='bbox 763 2288 929 2327; x_wconf 78' lang='lat' dir='ltr'><strong>Domino,</strong></span> <span class='ocrx_word' id='word_1_303' title='bbox 955 2284 1112 2330; x_wconf 76' lang='lat' dir='ltr'><strong>quoniam</strong></span> <span class='ocrx_word' id='word_1_304' title='bbox 1137 2284 1238 2316; x_wconf 74' lang='lat' dir='ltr'><strong>iratus</strong></span> 
     </span>
    </p>
   </div>
  </div>
 </body>
</html>
