1403 2492
390 80 703 113 Omoemmonum
730 78 842 110 Luam
867 78 910 110 Π.
1170 73 1214 110 47

82 169 168 211 logi;
193 169 423 201 necessitatem
447 181 526 209 ergo
551 167 740 211 simplicem
765 176 798 199 et
818 166 1039 198 voluntariam
1056 165 1215 199 hocloco

81 230 244 272 Origenes
269 229 415 262 libertati
440 228 610 273 opposuit.
657 228 733 261 Pari
759 228 979 272 responsione
1002 242 1118 273 parem
1138 229 1216 261 Ori-

80 292 172 334 genis
192 292 305 324 locum
332 305 407 324 cum
432 289 647 336 praecedenti
673 289 845 336 objectum
869 290 1056 324 sustinebis.
1094 290 1144 323 En
1171 290 1214 322 il·-

81 354 153 386 lum
194 366 211 386 e
251 353 327 386 libr.
351 353 408 386 VI.
445 352 480 385 in
518 351 614 396 epist.
645 352 687 384 ad
718 352 820 384 Rom.
850 365 942 385 num.
969 351 1000 387 3.
1050 352 1214 385 »Constat

80 428 160 457 ergo
181 416 265 460 ex')
291 414 339 447 his
363 413 490 453 verbis,
515 412 635 457 quibus
654 412 778 445 Paulus
807 413 905 446 dicit:
945 430 962 444 n
975 413 1085 456 »Quia
1097 413 1130 458 ²)
1157 413 1213 445 cui

79 477 241 510 exhibetis
266 489 325 509 vos
348 489 462 509 servos
486 476 527 508 ad
539 475 573 519 ³)
600 474 841 513 obediendum,
864 474 951 507 servi
970 475 1048 507 estis
1064 475 1117 507 cui
1133 476 1215 508 obe-

79 538 186 579 distis,
209 538 279 571 sive
308 537 456 582 peccati,
487 536 556 569 sive
589 534 809 581 justitiaexn«
843 536 919 580 quia
934 535 967 580 ⁴¹)
998 545 1120 580 sponte
1150 549 1213 569 no-

76 609 144 632 stra
167 599 231 644 ipsi
254 611 316 631 nos
340 597 553 637 exhibemus,
583 597 679 629 nullo
705 607 862 640 cogente,
893 598 946 630 vel
976 607 1118 642 peccato
1143 611 1212 630 ser-

77 661 160 701 vire,
184 660 238 693 vel
260 658 406 706 justitiae
429 672 492 704 per
515 659 743 692 obedientiam
767 668 937 692 nostram:
960 668 995 691 et
1018 659 1098 693 ideo
1123 673 1211 693 sem-

75 735 139 768 per
160 722 282 754 borum
305 720 498 753 meminisse
525 721 706 761 debemus,
739 734 781 754 ne
811 721 923 754 inanes
948 722 1100 766 querelas
1124 721 1158 754 in
1176 722 1211 766 ⁵)

74 782 206 830 peccati
231 782 444 815 excusatione
468 783 694 827 proferamus,
719 784 812 828 quod
837 782 992 816 diabolus
1016 783 1146 824 fecerit,
1169 793 1210 816 ut

72 858 306 891 peccaremus,
335 853 393 877 aut
423 854 561 878 naturae
584 846 782 885 necessitas,
813 854 871 878 aut
904 844 1014 878 fatalis
1044 845 1210 886 conditio,

72 916 130 941 aut
160 920 275 940 cursus
305 915 472 939 astrorum
497 906 653 940 efficiat.«
709 906 853 941 Coactio
878 907 996 940 itidem
1020 920 1059 940 ea
1082 907 1212 940 intelli-

71 968 178 1012 genda
201 967 256 1000 hic
280 972 340 1007 est',
365 981 464 1012 quam
495 967 606 1001 fatalis
639 968 811 1009 conditio,
845 978 1055 1002 astrorumve
1094 982 1210 1002 cursus

71 1030 194 1072 efficit;
219 1032 304 1075 quae
328 1029 413 1062 nihil
437 1043 514 1062 sane
538 1030 631 1063 aliud
647 1040 706 1072 est,
730 1044 830 1076 quam
855 1030 1033 1063 necessitas
1052 1031 1209 1075 simplex,

71 1102 104 1126 et
134 1091 307 1124 voluntate
346 1090 535 1136 conjuncta.
584 1092 680 1125 Hanc
710 1092 967 1137 responsionem
994 1105 1012 1125 a
1035 1091 1205 1138 Dionysio

69 1153 210 1187 Petavio
235 1152 294 1185 lib.
319 1153 379 1186 ΙΙΙ.
406 1153 447 1185 de
485 1153 599 1198 opific.
630 1167 686 1186 sex
716 1155 847 1187 dierum
877 1154 1033 1186 adversus
1057 1154 1209 1186 Jansenii

68 1215 253 1261 petitiones
278 1214 471 1258 oppositam
497 1227 537 1247 eo
563 1215 723 1247 libentius
746 1228 957 1259 usurpamus,
989 1216 1082 1259 quod
1107 1228 1210 1260 quae-

71 1268 203 1322 cunquxe
234 1277 305 1308 fere
340 1276 381 1308 de
405 1276 515 1308 libero
540 1277 681 1309 arbitrio
705 1277 847 1322 sparsim
869 1276 1010 1309 tradidit
1034 1276 1209 1318 Origenes,

70 1352 107 1372 ea
130 1339 202 1371 sere
219 1339 376 1370 adversus
391 1337 656 1378 Valentinianos,
681 1338 926 1378 Marcionistas,
950 1338 1102 1382 aliosque
1120 1338 1209 1370 Hae-

67 1400 202 1439 reticos,
226 1399 344 1438 fatum,
368 1408 548 1444 aptamque
574 1413 612 1433 ex
636 1400 802 1433 sideribus
825 1400 1059 1433 necessitatem
1077 1413 1207 1443 propu-

66 1471 203 1505 gnantes
226 1461 456 1505 proposuerit.
510 1462 547 1494 ln
571 1475 664 1494 suam
691 1475 826 1507 quoque
850 1461 1050 1494 sententiam
1072 1462 1205 1493 trahere

66 1532 202 1570 poterat
237 1521 414 1555 Jansenius
450 1522 538 1555 illud
571 1523 726 1565 Origenis
758 1536 775 1556 e
808 1523 883 1556 libr.
911 1523 941 1557 1.
978 1522 1013 1555 ἰη
1037 1522 1134 1568 epist.
1160 1523 1203 1556 ad

66 1587 167 1619 Rom.
191 1597 286 1617 num.
312 1583 384 1624 18,
414 1583 474 1616 ubi
504 1584 615 1629 posita
639 1585 749 1618 anima
774 1584 868 1630 quasi
890 1584 925 1616 in
949 1584 1042 1617 bivio
1069 1598 1203 1618 carnem

65 1647 154 1680 inter
178 1656 211 1679 et
234 1646 401 1691 spiritum,
427 1654 460 1678 et
483 1645 659 1690 utriusque
690 1646 763 1679 viae
794 1648 944 1679 fautores
967 1647 1114 1689 angelos,
1140 1647 1204 1680 ait:

67 1710 165 1743 »Non
191 1708 280 1741 enirn
305 1707 338 1740 vi
361 1721 414 1740 res
438 1707 557 1750 agitur,
580 1720 689 1751 neque
707 1708 905 1740 necessitate
922 1708 956 1741 in
972 1708 1110 1742 alteram
1127 1722 1203 1754 par-

65 1780 134 1804 tem
157 1770 267 1803 anima
291 1769 524 1802 declinatum«
552 1770 611 1800 sed
635 1769 776 1813 pulchre
789 1769 1000 1812 intelligebat
1013 1770 1202 1810 Jansenius,

160 1953 192 1997 Ι)
216 1953 303 1985 Edd.
328 1953 463 1985 Huetii:
492 1966 555 1984 »cx
581 1953 632 1985 his
658 1966 726 1985 esse
755 1966 880 1992 servos,
907 1953 1056 1998 quibus«
1085 1964 1147 1988 etc.

158 2009 192 2053 ²)
218 2009 287 2042 Csr.
311 2009 411 2040 Rom.
438 2008 496 2048 Vl,
522 2008 574 2042 16.

157 2066 192 2109 3)
213 2064 299 2097 Edd.
325 2063 457 2095 lluetii:
487 2065 555 2096 »ad
583 2065 853 2099 obedientiam«

156 2122 189 2167 ⁴)
214 2121 302 2153 Edd.
329 2119 461 2151 Huetii:
497 2121 598 2164 »quia
630 2132 766 2166 sponte.
815 2123 899 2155 Nam
933 2123 997 2167 ipsi
1022 2136 1083 2155 nos
1109 2123 1199 2157 cxlii·

61 2171 189 2202 bemus*
215 2185 257 2191 —
282 2166 352 2198 Csr.
377 2178 449 2208 pag.
475 2165 541 2211 huj.
567 2176 636 2199 not.
667 2169 693 2201 l.

153 2227 186 2267 ⁵)
211 2223 297 2255 Edd.
321 2220 453 2252 Huetii:
488 2220 546 2252 »in
580 2223 708 2265 peccati
735 2224 949 2256 excusatione
974 2226 1196 2268 proferamus,

60 2272 152 2315 quod
177 2268 331 2302 diabolus
357 2265 448 2306 fecit,
473 2275 508 2298 ut
533 2277 748 2310 peccatorem
773 2279 829 2302 aut
852 2279 1014 2302 naturae«
1043 2280 1105 2304 etc.
