1403 2492
182 89 250 126 322
519 90 631 125 Psrm
655 91 830 126 Dimittis
855 93 986 125 llmzrn

183 191 292 214 totum
319 194 336 214 a
361 181 544 226 Pamphilo
571 182 672 215 fuisse
697 182 932 224 lucubratum
956 184 1161 228 respondeo,
1185 197 1248 217 nec
1271 194 1326 217 to-

184 253 256 276 tum
282 244 498 276 lucubratum
530 243 632 277 fnisse
664 246 705 276 ab
731 245 899 289 Eusebio,
942 254 975 277 et
1010 245 1147 290 utrique
1179 246 1324 279 adscribi

183 318 292 350 posse.
340 306 434 338 Vana
459 315 510 338 est
533 319 616 338 vcro
642 307 747 339 altera
772 306 973 353 Hieronymi
1000 307 1140 351 petitio,
1166 320 1242 340 cum
1268 307 1325 348 ait,

183 381 352 400 summum
378 368 481 400 fuisse
505 367 690 400 Eusebium
715 368 804 401 inter
828 378 861 401 et
877 369 1096 413 Pamphilum
1121 369 1325 414 opinionum

184 443 404 471 consensum;
431 443 506 462 cum
533 440 644 462 autem
670 430 835 464 Eusebius
852 430 1036 472 Origenem
1062 440 1137 464 toto
1161 432 1196 464 in
1222 444 1326 476 opere

185 505 247 525 suo
272 493 419 537 probare
443 492 600 525 videatur
624 492 741 524 Ariani
773 493 875 525 fuisse
902 493 1117 525 defensorem
1149 494 1327 536 dogmatis,

184 554 384 600 Pamphilus
409 568 491 587 vero
517 556 684 588 Nicaenae
708 555 838 601 synodi,
864 567 948 599 quae
974 555 1038 588 suit
1056 565 1185 600 postea,
1211 556 1326 588 desen-

185 630 317 659 sorem3
348 617 425 650 hinc
456 616 547 649 ellici
570 630 640 648 non
675 628 744 648 esse
775 616 946 661 Pamphili
979 627 1011 650 et
1043 617 1184 650 Eusebii
1215 626 1326 650 totum

184 678 271 711 illud
298 692 394 723 opus»,
418 680 476 712 sed
501 688 632 723 partem
659 691 728 710 esse
753 678 902 718 Eusebii,
929 679 1079 723 priorem
1098 692 1177 712 vero
1201 680 1326 712 librum

184 740 323 773 alterius
349 740 539 786 cujuslibet,
563 750 644 786 puta
672 740 820 786 Didymi.
858 742 936 774 Non
962 742 1065 784 magis
1090 742 1180 774 enim
1203 741 1327 774 mirum

185 812 235 835 est
260 802 389 835 diversa
415 804 457 835 de
484 803 640 845 Origenis
666 803 820 835 doctrina
837 803 976 836 sensisse
994 814 1026 836 et
1039 804 1212 848 scripsisse
1229 804 1327 837 Pam-

184 864 316 909 philum
344 874 377 898 et
400 865 597 904 Eusebium,
624 878 724 909 quam
751 866 793 897 de
809 864 932 898 Christi
959 865 1135 898 divinitate
1161 866 1328 899 orthodo-

186 940 260 959 xam
287 927 389 959 {uisse
414 926 585 971 Pamphili
612 926 828 971 opinionem,
863 922 1021 960 Ari-'inam
1048 940 1129 960 vero
1156 937 1187 960 et
1213 928 1327 960 haere-

185 989 287 1022 ticam
312 988 461 1021 Eusebii.
509 988 625 1021 Facile
652 1002 788 1033 quoque
815 989 957 1022 diluitur
977 990 1069 1022 aliud
1091 999 1325 1032 argumentum

185 1051 399 1098 Hieronymi,
422 1050 508 1083 nihil
526 1050 658 1094 proprii
685 1051 798 1095 operis
818 1051 1036 1096 Pamphilum
1061 1052 1253 1085 condidisse
1278 1065 1327 1084 as-

185 1113 343 1146 serentis:
375 1125 439 1145 nec
464 1112 552 1144 enim
579 1113 759 1156 proprium
786 1112 856 1158 ejus
888 1127 974 1158 opus
1001 1114 1244 1158 Apologeticus
1269 1114 1327 1146 ille

187 1175 254 1208 dici
278 1184 404 1220 potest,
429 1187 530 1219 quem
555 1174 693 1207 alterius
719 1188 822 1219 opera
847 1175 1000 1220 adjutus,
1024 1175 1164 1208 Eusebii
1187 1175 1328 1214 scilicet,

187 1238 386 1270 elaboravit.
434 1238 532 1272 Nunc
566 1249 647 1269 vero
681 1237 886 1269 arbitrentur
917 1237 1016 1281 aequi
1049 1246 1078 1269 et
1112 1237 1237 1270 eruditi
1266 1238 1330 1270 Le·

188 1310 309 1340 ctores,
333 1299 501 1331 meritone
528 1299 689 1332 Rufinum
711 1299 940 1344 Hieronymus
955 1299 1224 1344 reprehenderit,
1248 1313 1329 1344 pro·

186 1372 264 1407 pter
288 1362 490 1406 inscriptum
514 1361 687 1405 Pamphili
712 1373 837 1392 nomen
866 1360 973 1404 priori
1006 1361 1106 1406 hujus
1137 1362 1327 1406 Apologiae

188 1424 286 1457 libro.
336 1425 497 1457 Ceterum
532 1437 607 1455 cum
641 1435 696 1455 sex
730 1432 899 1455 constaret
932 1423 1026 1455 libris
1050 1423 1131 1456 haee
1155 1423 1327 1468 Pamphili

188 1485 370 1531 Apologia,
399 1485 492 1531 cujus
516 1485 614 1529 prior
639 1485 799 1517 duntaxat
823 1498 839 1516 a
855 1485 979 1517 Rufino
1001 1497 1182 1518 conversus
1198 1485 1240 1517 ad
1264 1497 1326 1517 nos

186 1548 352 1594 pervenit,
376 1560 445 1580 non
472 1557 520 1579 est
547 1560 608 1579 cnr
630 1547 773 1578 miretur
797 1546 973 1585 Batonius,
999 1546 1158 1588 Gregorii
1175 1547 1328 1579 Neocae-

186 1609 341 1643 sariensis
367 1608 650 1642 encomiasticam.
667 1607 856 1640 orationem
884 1607 1024 1649 Origeni
1056 1608 1199 1649 dictam,
1225 1622 1326 1653 quam

187 1685 206 1705 a
229 1671 412 1716 Pamphilo
432 1670 623 1714 Apologiae
649 1682 726 1702 suae
752 1669 910 1702 insertam
938 1670 1038 1702 luisse
1063 1670 1240 1714 proditum
1266 1682 1326 1711 est,

186 1734 220 1767 in
246 1747 284 1767 ea
308 1733 412 1766 hodie
436 1745 505 1765 non
531 1731 694 1771 inveniri,
725 1744 801 1766 cum
833 1731 982 1776 quinque
1015 1731 1110 1765 libris
1133 1733 1326 1766 mutilatum

186 1798 253 1830 hoc
279 1810 366 1841 opus
391 1795 583 1827 habeamus:

277 1858 386 1891 XVII.
437 1855 601 1899 Quamvis
627 1864 739 1887 autem
763 1855 869 1887 multa
894 1855 946 1887 vel
965 1856 1005 1888 ad
1022 1855 1230 1890 refellendos
1249 1856 1328 1890 Ori-

188 1920 280 1964 genis
305 1919 532 1958 adversarios,
558 1918 612 1950 vel
637 1918 679 1950 ad
704 1918 814 1962 ipsum
842 1919 1068 1950 excusandum
1102 1918 1326 1959 attulerimus,

184 1984 220 2016 in
251 1982 366 2015 multis
399 1991 513 2014 tamen
547 1992 703 2025 peccasse
733 1980 908 2012 fatendum
941 1989 1002 2013 est.
1056 1982 1107 2013 Ac
1143 1981 1326 2026 plerosque

185 2057 263 2077 sane
287 2044 392 2089 ipsius
417 2055 548 2075 errores
581 2054 681 2086 supra
705 2041 770 2086 jam
796 2043 837 2074 ab
867 2041 938 2074 aliis
973 2041 1200 2087 deprehensos
1223 2054 1326 2084 agno·

188 2107 307 2144 vimus,
335 2106 388 2138 vel
412 2105 567 2137 nondum
591 2113 787 2148 perspectos
813 2103 1021 2143 notavimus,
1059 2117 1134 2136 cum
1169 2103 1239 2150 ejus
1263 2104 1325 2136 do-

186 2178 296 2211 gmata
318 2167 618 2212 perpenderemus.
674 2165 844 2198 Peccandi
882 2178 994 2198 caussa
1028 2165 1193 2212 judicium
1230 2178 1325 2210 prae-

187 2243 276 2274 ceps,
303 2238 337 2261 et
365 2228 590 2260 immoderata
616 2227 741 2269 ingenii
767 2227 903 2260 lascivia
928 2237 961 2260 et
986 2227 1138 2268 licentia,
1169 2227 1223 2260 cui
1253 2236 1320 2259 tam

185 2290 453 2335 intemperanter
483 2290 768 2331 morigerabatur,
802 2299 839 2321 ut
872 2289 1016 2332 cogitata
1049 2288 1180 2329 omnia,
1219 2289 1322 2320 cruda

274 2419 288 2427 ο
