1403 2492
180 100 222 134 76
512 98 625 131 Ρετκι
650 98 822 131 nmmos
847 99 977 133 Ηυκτιῐ

268 190 315 223 Ut
347 188 450 231 tnagis
484 188 584 221 etiam
619 197 752 233 pateant
785 188 958 221 doctrinae
983 188 1079 234 liujus
1104 189 1220 235 adyta,
1250 190 1311 222 ob·

177 252 376 285 servandum
401 260 466 292 est,
506 250 677 295 duplicem
715 249 748 282 in
779 250 876 282 nobis
907 251 947 283 ab
980 249 1127 293 Origene
1153 251 1312 284 constitui

179 316 292 354 sidem,
317 313 416 346 aliam
441 313 631 352 humanam,
657 325 755 356 quam
783 312 910 345 viribus
935 312 1082 357 propriis
1106 313 1202 346 nullo
1217 326 1313 358 prae-

177 377 267 409 sidio
293 375 431 409 firmatis
455 376 578 408 habere
602 373 787 420 possimus3
811 374 958 406 divinam
989 373 1108 414 aliam,
1144 387 1228 420 quae
1253 388 1314 407 no-

179 434 232 472 bis
254 438 323 472 Dei
355 437 457 481 gratia
488 437 695 473 infundatur.
749 436 820 469 Nec
852 436 1024 481 duplicem
1056 436 1167 469 solum
1198 437 1313 477 fidem,

179 502 237 533 sed
264 501 404 533 virtutes
430 499 529 532 etiam
554 488 701 543 reliquas
736 497 768 530 in
802 498 900 531 nobis
931 498 1084 543 duplices
1109 511 1180 532 esse
1207 508 1314 543 putat,

179 576 322 608 quarum
347 562 431 595 aliae
463 561 529 594 sint
560 573 577 592 a
602 560 719 599 nobis,
755 560 838 592 aliae
863 573 879 592 a
911 560 1007 593 Deo:
1037 560 1111 594 illas
1135 570 1247 593 autem
1271 561 1314 593 ad

177 625 318 658 salutem
350 623 620 668 consequendam
657 621 740 654 nihil
778 622 958 666 prodesse,
993 621 1054 655 uisi
1085 623 1203 655 harum
1235 636 1315 656 con-

177 686 284 719 sortio
298 687 513 719 roborentur.
550 684 750 717 panduntur
765 674 851 716 haec
861 684 996 716 oracula
1021 684 1132 718 Tract.
1149 684 1312 718 XXXlll.

178 750 212 781 in
238 749 358 782 Matth.
384 761 474 780 num.
501 746 554 781 69.
606 746 677 778 »Ut
702 754 824 790 puta‚«
857 745 982 790 inquit,
1011 745 1140 779 »fidem
1165 746 1313 787 habenti,

179 824 264 856 quae
290 820 339 844 est
365 823 403 842 ex
427 809 537 848 nobis,
562 807 696 841 dabitur
719 807 823 849 gratia
849 808 948 847 fidei,
980 820 1064 852 quae
1090 818 1138 841 est
1161 822 1223 854 per
1245 809 1314 854 spi-

179 873 280 905 ritum
305 872 402 912 fidei,
434 881 466 904 et
497 869 695 903 abundabit:
729 879 761 902 et
793 869 958 914 quidquid
989 869 1145 903 habuerit
1175 870 1248 916 quis
1273 884 1312 904 ex

177 934 322 967 naturali
344 933 526 973 creatione,
552 946 627 965 cum
653 931 839 975 exercuerit
870 944 968 971 eum,
997 932 1121 977 accipit
1143 932 1178 966 id
1203 933 1313 978 ipsum

180 1006 213 1029 et
237 1010 275 1028 ex
299 995 403 1038 gratia
427 994 511 1033 Dei,
544 1003 582 1026 ut
606 994 772 1033 abundet,
805 1003 838 1026 et
868 994 1001 1026 firmior
1030 994 1073 1027 sit
1102 994 1137 1027 in
1171 1007 1211 1028 eo
1236 995 1312 1040 ipso

177 1059 270 1103 quod
294 1058 440 1090 habet:«
468 1057 560 1101 quod
586 1057 627 1089 de
654 1055 747 1088 omni
771 1055 890 1088 itidem
915 1055 1039 1088 virtute
1057 1056 1313 1098 intelligendum

179 1132 249 1152 esse
273 1119 398 1152 scribit.
445 1119 595 1150 Demu‘m
621 1117 812 1150 concludit:
845 1117 1058 1162 »Propterea
1087 1118 1115 1150 si
1147 1119 1314 1159 volumus,

176 1190 215 1214 ut
237 1181 337 1214 detur
360 1180 458 1213 nobis
483 1179 587 1212 virtus
610 1179 807 1224 perfectior,
833 1188 865 1212 et
889 1180 1038 1212 abundet
1060 1180 1095 1213 in
1107 1181 1205 1214 nobis
1222 1182 1315 1226 quod

176 1243 368 1289 perfectum
394 1251 443 1275 est
466 1242 554 1275 inter
575 1241 748 1281 homines,
772 1254 834 1285 per
857 1240 1066 1283 diligentiam
1091 1243 1185 1275 omni
1208 1243 1314 1276 modo

177 1305 398 1350 acquiramus,
424 1314 456 1337 et
481 1298 661 1349 postquam
685 1303 960 1347 acquisierimus,
1001 1304 1094 1348 quasi
1124 1304 1315 1347 intelligen-

177 1376 247 1407 tes,
270 1366 428 1411 quoniam
459 1365 494 1398 in
518 1366 662 1398 nihilum
685 1365 767 1398 haec
790 1375 990 1410 reputantur
1011 1366 1083 1399 siue
1107 1367 1211 1408 gratia
1234 1366 1314 1408 Dei,

178 1427 397 1461 humiliemus
417 1428 448 1472 ¹)
472 1436 606 1460 nosmet
630 1426 722 1471 ipsos
745 1428 807 1459 sub
833 1440 933 1459 manu
954 1428 1064 1460 valida
1079 1428 1157 1467 Dei,
1181 1438 1215 1460 et
1239 1441 1314 1461 ore—

177 1490 297 1535 mus²)
320 1489 391 1522 sine
416 1489 464 1522 ira
490 1498 522 1521 et
547 1489 793 1533 disceptatione
818 1490 966 1522 levantes
989 1503 1090 1534 puras
1113 1503 1240 1531 manus,
1276 1501 1315 1523 ut

179 1552 333 1585 omniurn
357 1553 540 1590 bonorum,
565 1563 648 1595 quae
673 1560 749 1583 sunt
773 1551 807 1583 in
831 1551 940 1591 nobis,
968 1553 1135 1596 perfectio
1151 1554 1252 1585 detur
1275 1566 1315 1586 ex

178 1615 268 1654 Deo,
292 1623 325 1646 et
348 1613 451 1646 faciat
472 1626 534 1645 nos
565 1613 735 1664 perfectos
767 1622 800 1645 et
830 1614 1055 1658 acceptabiles
1084 1614 1181 1655 Deo,
1221 1616 1314 1660 quasi

176 1677 268 1710 filios
290 1676 398 1709 Dei.«
436 1675 588 1707 Eandem
611 1674 769 1719 recoquit
792 1677 949 1708 cramben
974 1676 1049 1710 libr.
1075 1677 1132 1710 lV.
1158 1677 1192 1710 in
1217 1679 1313 1723 epist·

178 1739 221 1771 ad
244 1739 346 1771 Rom.
371 1751 462 1770 num.
488 1738 530 1776 5,,
554 1747 653 1781 atque
679 1738 725 1769 ita
749 1736 858 1781 accipi
883 1738 956 1770 vult
981 1751 1100 1770 vocem
1120 1739 1202 1772 hanc
1219 1741 1313 1785 Apo-

177 1800 343 1833 stolorum
365 1800 406 1832 ad
421 1799 609 1839 Christum}
637 1815 654 1830 »
667 1815 683 1830 »
696 1801 789 1841 Auge
803 1786 836 1843 3¹)
852 1799 950 1832 nobis
964 1800 1065 1832 fidem
1078 1813 1110 1832 1«
1124 1813 1141 1828 «
1170 1801 1311 1845 »Quia,«

176 1862 296 1907 inquit,
322 1862 449 1894 »etiam
473 1862 556 1894 fides
582 1862 663 1906 ipsa,
689 1874 753 1905 qua
779 1862 914 1893 credere
937 1861 1092 1894 videmur
1107 1862 1195 1903 Deo,
1219 1865 1312 1898 dono

180 1923 213 1955 in
238 1924 335 1956 nobis
359 1923 482 1965 gratiae
515 1923 770 1955 consu-matun«
821 1926 933 1967 Atque
966 1923 1057 1956 idem
1088 1925 1230 1958 subinde
1260 1940 1312 1959 re·

180 1985 282 2029 plicat
308 1985 384 2018 libr.
411 1986 468 2018 IX.
494 1999 584 2018 num.
610 1985 659 2024 3.‚
699 1985 800 2029 idque
833 1986 1056 2029 comprobare
1081 1987 1199 2029 satagit
1216 1989 1311 2032 Apo-

180 2047 302 2079 stolico
344 2047 427 2079 isto:
479 2046 690 2090 »»·Alteri⁴)
738 2047 821 2080 fides
870 2047 903 2078 in
948 2048 1070 2080 eodem
1111 2049 1304 2093 spiritum«

181 2126 197 2139 n
210 2108 314 2151 Quod
339 2109 460 2149 fides‚«
488 2109 616 2153 inquit,
644 2122 756 2153 »quae
780 2119 893 2154 speret
917 2119 949 2142 et
974 2111 1106 2151 credat,
1131 2121 1164 2144 et
1187 2113 1310 2157 absque

275 2237 304 2280 ¹)
333 2237 402 2269 Csr.
428 2238 441 2269 1
467 2238 556 2270 Pctr.
584 2238 622 2277 V,
646 2237 676 2272 6.
772 2238 804 2280 ²)
833 2238 902 2273 Cfr.
929 2240 941 2271 1
968 2238 1056 2272 Tim.
1083 2240 1122 2279 ll,
1145 2240 1175 2274 8.

275 2293 309 2337 ³)
334 2294 412 2326 Luc.
440 2294 549 2332 XVU,
574 2295 604 2327 J).
703 2296 734 2336 ²)
765 2296 772 2327 l
801 2295 879 2328 Cur.
907 2295 982 2332 ΧΗ,
1007 2294 1038 2329 9.
