1403 2492
383 83 692 118 ommiuonom
717 83 831 116 Lutea
855 83 895 116 11.
1128 84 1192 119 179

55 175 126 219 ipsa
152 173 286 208 Christo
312 172 478 213 inductur,
510 173 599 206 unde
633 171 826 216 incorrupta
859 172 987 208 evadet.
1033 172 1193 204 Postmo—

56 236 135 268 dum
161 236 270 269 addit:
299 234 533 280 »Incorruptio
561 242 673 268 autem
692 244 725 267 et
746 234 982 267 immortalitas
1001 233 1083 279 quid
1099 233 1191 266 aliud

56 297 129 338 erit,
153 297 218 330 nisi
242 297 424 342 Sapientia,
451 306 483 330 et
505 296 667 337 Verbum,
692 305 725 328 et
747 295 884 329 Justitia
907 296 987 336 Dei,
1011 308 1096 341 quae
1120 296 1192 328 for-

55 368 149 392 mant
170 358 327 399 animam,
352 368 385 392 et
408 358 559 399 induunt,
586 368 619 391 et
644 357 857 392 exornant?«
884 357 969 391 Eam
990 366 1103 391 autem
1119 371 1194 390 sen-

59 421 209 462 tentiam,
234 434 317 467 quae
342 422 491 465 futurum
516 420 649 462 statuit,
681 429 718 453 ut
749 419 950 465 incorporea
974 419 1042 452 vita
1066 419 1191 462 agenda

57 483 108 523 sit,
134 496 210 517 cum
227 482 362 517 Christo
386 483 535 530 subjecta
559 483 672 516 omnia
693 482 836 525 suerint;
861 482 915 516 vel
932 481 1071 514 alteram
1095 481 1194 521 hanc,

57 558 141 591 quae
166 558 364 591 corpoream
389 546 604 580 substantiam
630 545 816 591 purissimis
840 544 1014 590 spiritibus
1034 557 1097 589 pro
1122 557 1193 576 me-

54 607 127 641 ritis
152 608 363 650 sociandam,
399 618 432 641 et
462 610 494 642 in
526 609 717 642 aethereum
753 617 875 641 statum
907 607 1193 640 transmutandam

56 669 224 712 decernit;
248 680 304 703 aut
329 671 462 704 tertiam
487 671 644 717 denique,
669 683 753 716 quac
778 670 963 703 desiturum
988 669 1108 703 mundi
1132 670 1193 701 hu-

54 731 106 778 jus
130 731 281 765 habitum
306 732 439 774 definit,
472 743 505 767 et
537 748 635 780 supra
668 734 842 779 sphaeram
875 732 1021 776 ἀπλανῆ
1054 731 1189 765 intuto

55 794 288 827 collocandam
320 795 457 839 piorum
488 797 688 838 stationem,
721 805 793 829 turn
827 795 884 841 qui
918 794 1192 837 castigationibus

55 855 177 889 delicta
202 856 387 902 expiarunt,
411 868 482 892 tum
509 859 566 905 qui
591 859 770 893 virtutibus
796 872 836 892 eo
862 857 1042 903 pervenire
1061 870 1194 890 merue-

54 927 153 959 runt,
176 919 340 964 proponit
363 921 566 966 unicuique,
601 931 635 954 ut
661 934 745 966 quae
770 921 883 953 animo
909 933 970 953 suo
997 920 1192 953 collibuerit

53 981 174 1023 magis,
205 993 279 1014 eam
307 995 371 1026 pro
404 982 543 1016 arbitrio
575 983 809 1028 amplectatur.
866 981 987 1027 Capite
1020 983 1081 1016 XI.
1113 982 1194 1014 libri

55 1042 204 1089 ejusdem
227 1056 319 1077 num.
345 1043 378 1078 6.
403 1054 521 1089 putare
546 1058 580 1078 se
605 1046 818 1090 pronuntiat,
851 1045 1029 1086 migrantes
1061 1057 1099 1077 ex
1132 1044 1192 1077 hae

55 1104 123 1137 vita
147 1105 271 1138 animas
296 1105 329 1138 in
355 1106 468 1140 locum
494 1106 640 1152 aliquem
672 1107 705 1140 in
739 1117 826 1140 terra
850 1095 999 1150 positum
1024 1107 1192 1147 secedere,

57 1179 155 1211 quem
181 1167 375 1200 Paradisum
401 1167 576 1212 Scriptura
609 1169 775 1213 appellat,
809 1168 922 1213 ibique
955 1168 1001 1200 sic
1034 1178 1192 1213 tanquam

57 1228 90 1260 in
115 1228 246 1269 schola,
278 1242 407 1269 rerum,
437 1243 516 1274 quas
548 1230 582 1262 in
609 1229 705 1261 terris
731 1230 898 1269 viderant,
930 1243 967 1262 ac
999 1231 1192 1263 futurorum

57 1290 157 1323 etiam
182 1304 309 1324 caussas
335 1291 541 1324 condiscere.
591 1291 671 1334 Quo
697 1291 857 1323 mundior
880 1301 1008 1331 autem,
1045 1302 1076 1325 et
1102 1305 1193 1325 exer-

57 1352 191 1385 citatior
216 1353 327 1398 aliqua
351 1353 466 1393 suerit,
490 1366 531 1385 eo
557 1353 659 1395 magis
686 1353 934 1397 proficientem,
960 1353 1056 1386 citius
1077 1353 1109 1386 iu
1135 1356 1192 1387 εἶέ-

57 1427 128 1447 rem
153 1427 417 1454 consoenmram,
442 1415 518 1447 hine
541 1416 582 1446 ad
607 1415 762 1458 sphaeras
788 1415 968 1455 coelestes,
1002 1415 1035 1447 in
1070 1416 1190 1460 quibus

55 1476 150 1508 novis
176 1476 374 1509 eruditionis
398 1474 644 1508 accessionibus
664 1476 939 1520 locupletabitur.
982 1476 1109 1510 Eadem
1136 1479 1191 1512 lia-

53 1539 175 1571 bentur
200 1538 275 1572 libr.
300 1539 363 1572 Ill.
389 1541 471 1584 περὶ
496 1538 636 1584 ἀρχῶν,
661 1552 731 1583 cap.
757 1538 788 1572 6.
819 1552 910 1571 num.
936 1538 989 1578 6.,
1022 1540 1190 1585 docetque

54 1613 114 1644 per
138 1600 299 1634 immensa
323 1613 486 1633 annorum
513 1600 678 1633 curricula
693 1600 816 1634 animas
834 1601 900 1632 suis
918 1600 949 1633 in
974 1601 1057 1634 locis
1079 1615 1191 1635 emen-

56 1662 137 1701 dari,
161 1662 454 1707 praecurrentibus
480 1662 563 1702 aliis,
591 1672 623 1694 et
648 1663 750 1695 citato
779 1676 875 1695 cursu
902 1663 942 1695 ad
967 1677 1095 1697 summa
1121 1665 1191 1697 eni-

55 1724 212 1763 tentibus,
237 1724 514 1768 subsequentibus
536 1724 693 1768 'proxime
718 1724 810 1764 aliis,
842 1725 1013 1758 nonnullis
1046 1728 1190 1768 tardius;

56 1795 88 1817 et
112 1786 158 1818 sic
184 1798 244 1830 per
269 1785 418 1818 diversos
444 1780 577 1818 ordines
602 1786 780 1830 proficere,
805 1798 842 1818 ac
862 1786 940 1818 Deo
966 1788 1190 1828 reconciliari,

57 1847 164 1879 donec
190 1847 377 1880 destruatur
410 1858 601 1892 postremus
632 1847 807 1886 inimicus,
844 1860 934 1880 mors
970 1848 1114 1891 seilicet;
1153 1863 1190 1883 ac

56 1908 217 1941 restitutis
242 1910 377 1943 tandem
402 1910 437 1943 in
463 1910 550 1943 hune
576 1919 697 1942 statum
723 1908 859 1948 animis,
890 1919 1042 1943 naturam
1067 1925 1190 1957 corpo-

57 1970 162 2002 ralem
187 1971 229 2003 ad
252 1970 394 2013 gloriam
418 1973 620 2017 perductum
647 1971 698 2011 iri,
724 1970 903 2016 omniaque
928 1985 1031 2005 unum
1068 1974 1191 2015 sutura,

58 2044 133 2064 cum
157 2031 251 2064 Deus
276 2032 379 2066 suerit
404 2034 516 2067 omnia
546 2034 580 2066 in
615 2032 781 2066 omnibus.
836 2034 907 2066 Sub
941 2034 1041 2067 finem
1073 2036 1190 2081 capitis

57 2092 205 2139 ejusdcm
230 2106 321 2127 num.
344 2094 376 2129 8.
404 2095 436 2128 id
461 2095 572 2140 ipsum
597 2095 756 2136 inculcat,
781 2094 940 2140 additque
961 2096 995 2128 in
1016 2096 1078 2130 alia
1104 2106 1191 2132 terra

56 2163 186 2186 sanctos
213 2167 282 2187 esse
307 2155 462 2198 angelicis
494 2156 760 2189 institutionibus
778 2155 1018 2191 informandos.
1058 2161 1103 2191 At
1120 2160 1192 2192 Ho-

55 2215 147 2248 milia
173 2217 230 2250 Χῖ.
258 2216 290 2249 in
316 2218 414 2252 Num.
439 2230 529 2252 num.
557 2219 587 2252 lt.
621 2220 662 2251 ad
695 2218 868 2263 superiora
894 2219 1024 2264 adjicit,
1056 2222 1191 2262 angelos

55 2277 93 2310 iis
120 2278 271 2320 regendis
297 2278 329 2311 in
356 2279 469 2311 futuro
498 2280 633 2313 saeculo
655 2282 728 2313 sore
746 2281 946 2324 prat-sectos,
972 2294 1055 2325 quos
1076 2283 1190 2315 labore

855 2340 928 2375 12*
