1403 2492
361 92 676 126 Omcnmmoaum
700 91 816 125 lanan
841 90 882 124 ΙΙ.
1119 93 1183 129 163

47 181 207 215 nifestum
233 191 299 221 est,
332 183 426 227 quod
457 193 520 214 una
552 193 662 226 poena
693 190 760 214 tam
796 181 1001 214 daemonum
1031 191 1179 224 naturae,

48 256 149 287 quam
173 243 319 276 humano
358 243 470 286 generi
504 252 722 287 peccatorum
763 255 781 275 a
812 242 965 276 Domino
1001 243 1177 288 praefinita

47 304 90 337 sit
114 304 192 345 illa,
222 319 321 350 quam
352 303 518 337 Dominus
551 317 608 336 sua
632 304 797 337 sententia
823 304 1018 347 designavit,
1042 305 1177 339 dicens:

50 366 189 411 »»Ite¹)
213 366 247 399 in
273 368 384 409 ignem
407 374 594 405 aeternum,
635 365 694 410 qui
724 374 857 410 paratus
891 375 940 398 est
972 365 1110 399 diabolo
1143 376 1178 399 et

46 427 171 470 angelis
197 427 315 473 ejusm(
343 428 537 466 ostendens,
570 427 647 472 quia
677 427 796 460 eadem
827 427 956 471 species
989 440 1176 472 poenarum

46 489 292 533 peccatoribus,
317 489 521 528 hominibus,
545 497 578 521 et
603 488 755 530 diabolo,
780 497 814 521 et
837 487 962 531 angelis
987 487 1057 534 ejus
1079 502 1177 534 prae-

45 559 160 594 parata
182 550 235 591 sit,
259 551 341 584 licet
362 550 395 584 in
422 550 537 583 eadem
561 562 672 594 poena
697 550 827 583 diversa
849 549 893 582 sit
906 550 1071 595 quantitas
1093 563 1178 596 poe·

46 624 118 646 nae.
178 612 273 645 Alius
304 612 392 645 enim
422 611 553 654 gravius
584 624 622 644 ac
654 611 884 645 vehementius
915 612 1082 645 cruciatur
1110 625 1174 657 pro

44 672 274 715 magnitudine
297 682 530 718 peccatorum3
555 673 639 706 alius
663 682 775 706 autem
798 673 985 714 remissius,
1010 673 1104 718 cujus
1127 674 1175 706 le—

45 732 139 766 viora
163 743 198 767 et
218 734 371 768 faciliora
395 744 532 780 peccata
555 744 661 767 sunt«
711 728 840 768 Locum
864 736 997 780 profert
1014 735 1176 779 Pamphi-

44 794 96 827 lus
119 795 153 827 in
179 796 356 840 Apologia.

133 856 189 889 Vl.
237 857 379 902 Saepius
402 867 513 891 tamen
537 858 610 891 aliis
635 867 767 902 praeter
784 858 893 900 ignem
913 858 1090 903 suppliciis
1112 859 1175 891 ho-

42 916 148 950 mines
173 918 323 961 castigari
347 933 365 952 a
388 921 466 952 Deo
492 920 595 952 fassus
620 928 679 951 est.
727 919 878 952 Humilia
901 921 1031 953 XVIII.
1060 920 1095 953 in
1117 921 1175 954 Je-

43 991 125 1012 rem.
150 992 241 1013 num.
269 981 320 1015 15.
353 981 458 1027 majus
490 981 630 1026 aliquod
660 981 809 1023 gehenna
840 980 924 1023 ignis
949 993 1019 1014 esse
1043 982 1174 1026 suppli-

44 1039 133 1074 cium
158 1041 332 1075 concludit
362 1057 401 1076 ex
426 1056 486 1083 eo,
519 1044 612 1087 quod
640 1043 669 1076 is
698 1043 741 1076 sit
770 1043 938 1086 gehennae
973 1042 1057 1085 ignis
1089 1056 1176 1084 reus,

43 1102 101 1147 qui
126 1102 247 1135 dixerit
270 1103 365 1136 fratri
388 1116 468 1137 suo:
504 1105 726 1148 »Fatue:²)«
762 1104 869 1150 majus
899 1104 1012 1149 itaque
1043 1103 1176 1149 impen-

45 1164 125 1196 dere
149 1163 357 1208 supplicium
380 1165 546 1210 majorum
577 1166 756 1198 criminum
780 1166 862 1206 reis,
893 1174 975 1210 puta
998 1165 1176 1208 adulteris;

44 1225 137 1269 quod
162 1224 352 1270 cujusmodi
381 1227 423 1259 sit
453 1227 604 1259 futurum
635 1227 668 1259 in
693 1240 754 1259 cor
776 1226 924 1259 hominis
946 1239 1015 1259 non
1040 1226 1177 1259 adscen-

44 1286 141 1319 disse.
189 1286 291 1319 Libro
319 1288 391 1321 Vll.
418 1298 533 1321 contra
553 1288 689 1322 Celsum
713 1301 806 1320 num.
823 1288 855 1322 5.
878 1287 1005 1329 scribit,
1030 1287 1174 1321 animam

43 1347 210 1380 insontem
235 1357 267 1380 et
293 1361 429 1392 puram,
466 1349 576 1382 statin-
602 1360 701 1394 atque
727 1361 872 1393 corpore
897 1348 995 1388 exiit,
1031 1350 1073 1381 ad
1111 1363 1174 1393 pu-

40 1408 130 1441 riora
154 1409 297 1441 aetheris
323 1410 395 1442 loca
419 1410 600 1443 sublimem
624 1411 721 1443 ferri:
753 1423 973 1455 quaecunque
1009 1423 1089 1442 vero
1112 1423 1175 1443 no-

40 1469 93 1502 xia
116 1479 184 1509 est,
207 1470 354 1514 peccatis
387 1484 582 1515 oppressam
606 1472 694 1506 circa
717 1482 840 1504 terram
862 1471 929 1503 huc
953 1480 986 1503 et
1008 1471 1092 1504 illuc
1116 1485 1176 1504 vo-

42 1531 159 1572 lutari;
183 1532 342 1576 quasdam
367 1532 453 1565 circa
477 1543 692 1566 mortuorum
715 1533 910 1579 sepulchra,
941 1533 1020 1565 inde
1043 1543 1176 1578 spectra

41 1593 149 1626 oculis
171 1593 348 1627 hominum
381 1596 584 1640 quandoque
609 1594 731 1638 obiici3
760 1595 841 1628 alias
872 1594 953 1627 alibi
977 1607 1098 1630 errare.
1145 1596 1174 1629 E

39 1654 182 1688 Platone
205 1656 377 1688 transtulit
402 1667 633 1690 commentum
655 1658 756 1697 istud,
780 1666 818 1689 ut
833 1656 899 1689 alia
917 1656 1092 1702 pleraque,
1118 1671 1175 1691 cu—

39 1715 90 1763 jus
114 1729 153 1750 ea
177 1726 226 1750 est
249 1717 283 1750 in
306 1717 488 1751 Phaedone
512 1719 671 1758 assertio,
706 1719 883 1751 hominum
917 1717 1092 1762 corporeis
1122 1731 1175 1751 re—

39 1777 101 1811 bus
125 1779 206 1811 dum
232 1778 384 1812 viverent
407 1779 654 1825 implicitorum
685 1780 809 1812 animas
843 1780 930 1812 circa
954 1788 1175 1812 monumenta

42 1840 180 1880 versari,
217 1840 339 1885 quibus
376 1854 452 1874 cum
491 1841 728 1885 conspicabilis
764 1841 875 1885 aliqua
913 1841 1067 1885 corporis
1098 1848 1174 1885 pars

40 1900 222 1933 etiamnum
246 1902 472 1943 adhaerescat,
496 1903 571 1936 hinc
597 1903 823 1936 tenebricosas
848 1902 1034 1935 animarum
1056 1902 1173 1945 imagi-

40 1975 109 2001 nes,
133 1963 376 2007 adspectabiles
405 1964 570 1997 exsistere.
619 1965 704 1997 Eam
731 1964 950 1998 nihilominus
974 1964 1174 1998 sententiam

40 2024 197 2067 repudiat
222 2024 323 2057 Tom.
349 2025 506 2059 XXVIII.
539 2026 572 2058 in
596 2027 718 2060 Joann.
742 2040 832 2059 num.
854 2028 898 2067 5.‚
922 2027 1173 2071 absurdumque

38 2097 108 2117 esse
134 2084 284 2117 decernit
308 2085 492 2119 existimare
517 2087 679 2128 animam,
712 2098 893 2133 postquam
919 2100 1063 2132 corpore
1089 2086 1173 2119 libe-

38 2156 108 2180 rata
131 2156 191 2187 est,
215 2157 352 2180 mortuo
379 2148 531 2181 assidere.

86 2322 89 2326 q
134 2276 163 2318 ¹)
188 2275 306 2309 Manb.
334 2276 442 2315 XXV,
468 2278 519 2311 412
662 2279 695 2320 2)
723 2278 842 2311 matth.
871 2278 912 2318 v,
935 2278 990 2313 22.

888 2340 922 2374 11
945 2338 968 2359 ἃ
