1403 2492
155 40 204 76 40
485 39 601 74 Perat
623 40 798 74 Dimittis
824 39 957 74 Ηυετιι

159 140 192 164 et
217 143 258 164 ex
285 129 378 163 Indis
406 139 576 175 quotquot
601 130 847 164 Multammedo
873 141 998 162 nomen
1022 141 1091 163 non
1117 128 1301 170 dedet-uun

157 192 271 237 itaque
297 193 338 224 ab
367 191 594 225 animatorum
626 205 683 225 esu
716 201 811 224 caute
837 191 1015 224 abstinent.
1064 192 1117 224 An
1142 191 1184 223 ab
1210 191 1301 223 ludis

160 267 241 287 vero
268 254 310 286 ad
337 253 524 300 Aegyptios
549 253 736 294 transierit,
768 266 808 286 an
833 254 874 286 ab
900 252 949 285 his
973 252 1015 285 ad
1048 251 1144 292 illos,
1176 266 1227 285 res
1253 262 1302 285 est

157 329 229 348 non
261 328 384 360 parvae
418 315 674 361 disquisitionis.
734 315 796 348 llis
820 325 888 348 sata
913 314 1108 347 auctoribus
1133 314 1304 348 Simonia-

156 391 293 417 norum,
318 377 619 419 Basilidianorum,
637 376 968 417 Valentinianorum,
995 375 1303 415 Marcionistarum,

159 439 426 480 Gnosticorum,
451 449 484 472 et
509 439 791 472 Manichaeomm
816 449 945 472 mentes
971 438 1106 478 infecit,
1137 437 1170 470 in
1195 438 1303 482 iisque

161 515 239 534 cum
263 502 304 534 ab
330 501 421 542 aliis,
458 510 530 534 tum
562 502 603 533 ab
630 500 776 542 Origene
808 514 908 545 saepe
941 501 1097 533 confossa
1122 509 1180 533 est.
1227 499 1304 532 Pla-

161 563 230 597 cuit
264 577 303 597 ea
335 576 474 609 quoque
501 563 671 596 veteribus
698 562 826 604 Gallis,
858 571 898 595 ut
919 575 938 595 a
963 562 1104 595 Caesare
1129 560 1304 606 proditum

160 636 210 660 est
234 626 277 660 de
309 626 393 659 bell.
419 625 542 659 Gallie.
568 625 626 659 lib.
651 625 713 657 Vl.
767 625 817 657 Ne
841 623 1022 669 postremis
1048 623 1188 669 quidem
1213 622 1304 655 hisce

162 689 375 734 temporibus
410 687 615 733 temperavit
657 686 722 719 sibi
760 672 988 733 Hieronymus
1021 685 1214 724 Can-danus,
1252 683 1304 717 vir

162 749 381 782 immoderati
406 749 550 792 ingenii,
582 748 664 795 quin
696 748 852 781 iteratam
876 748 1046 794 quandam
1070 756 1103 780 et
1127 746 1306 792 repetitam

162 814 453 858 παλιγγενεσίαν
477 811 712 845 introduceret
735 810 770 843 in
795 809 931 852 dialogo
957 809 999 842 de
1024 818 1146 843 morte.

372 964 743 1023 QUAES'mo
783 937 1113 1012 SEPTmiA.

187 1054 253 1087 DE
278 1053 449 1087 LinEno
478 1052 725 1091 Anssrrfflo,
759 1051 956 1091 emm,
988 1050 1049 1084 ET
1081 1051 1286 1085 PRAEDE-

582 1113 884 1165 symuloxss.

165 1184 193 1218 Ι.
228 1183 404 1218 Sententia
429 1182 587 1225 Origenis
619 1182 661 1215 de
694 1182 804 1214 libero
835 1180 977 1213 arbitrio
1002 1189 1140 1213 naturae
1165 1180 1311 1214 rationa-

168 1246 229 1286 lis,
255 1255 288 1279 et
313 1245 416 1289 gratia
441 1245 509 1278 Dei
535 1243 730 1277 summatim
755 1242 972 1289 proponitur.
1019 1242 1067 1276 Π.
1104 1242 1235 1294 Eadem
1260 1243 1310 1276 su-

167 1308 235 1341 sius
262 1308 470 1352 explanatur.
526 1307 585 1340 Ill.
623 1308 664 1340 In
696 1319 764 1351 quo
795 1304 942 1350 positam
967 1302 1098 1337 arbitrii
1121 1305 1312 1338 libertatem

168 1369 328 1402 voluerit.
391 1369 451 1402 lv.
492 1369 625 1402 Statum
656 1377 794 1400 naturae
832 1366 980 1408 integrae
1011 1378 1029 1398 a
1053 1374 1140 1398 statu
1173 1375 1312 1399 naturae

169 1432 282 1477 lapsae
307 1444 376 1464 non
402 1430 563 1463 distinxit.
612 1430 652 1462 V.
686 1429 811 1462 Utrum
837 1437 871 1460 et
895 1426 1073 1472 quomodo
1099 1427 1246 1459 liberum
1264 1441 1315 1460 ar-

169 1493 311 1527 bitrium
336 1506 452 1536 regere
476 1492 648 1539 putaverit
671 1492 782 1524 bonos
808 1499 841 1522 et
864 1502 987 1535 pravos
1011 1498 1124 1521 motus
1144 1489 1177 1521 in
1200 1489 1313 1522 animo

171 1555 359 1590 suscitatos.
407 1555 465 1587 VI.
498 1553 704 1599 Ecquisnam
719 1552 762 1586 sit
779 1552 838 1585 ille
861 1551 1011 1598 spiritus,
1036 1551 1193 1584 adversus
1212 1565 1314 1598 quem

172 1618 298 1651 Paulus
323 1629 458 1650 carnem
483 1615 529 1648 ait
555 1615 805 1662 concupiscere.
856 1613 933 1647 VII.
966 1612 1091 1645 Utrum
1116 1612 1225 1645 anima
1246 1626 1316 1645 me-

175 1680 231 1713 dia
255 1679 344 1712 inter
374 1678 532 1723 spiritum
559 1687 593 1710 et
625 1690 759 1711 carnem
785 1674 853 1708 dici
877 1674 998 1719 possit.
1044 1674 1136 1707 Vlll.
1174 1674 1316 1718 Quaeri-

175 1750 249 1782 tur,
279 1750 396 1774 utrum
428 1741 571 1773 affectus
596 1739 701 1784 aliqui
725 1738 811 1788 boni
834 1750 872 1770 ex
898 1750 997 1770 carne
1021 1735 1219 1769 naturaliter
1237 1749 1318 1780 pro-

175 1803 295 1845 deant3
320 1812 353 1835 et
369 1803 411 1835 de
427 1803 500 1845 lege
517 1811 667 1837 naturae.
714 1800 775 1834 IX.
800 1800 918 1832 Patres
935 1798 1036 1831 multi
1060 1810 1097 1830 ex
1123 1797 1156 1829 vi
1179 1807 1318 1830 naturae

179 1864 262 1898 boni
287 1864 418 1909 aliquid
443 1863 527 1897 oriri
550 1875 650 1908 posse
674 1870 856 1895 senserunt.
904 1861 947 1893 X.
980 1858 1144 1901 Origenes
1172 1859 1236 1901 legi
1260 1873 1318 1894 na-

179 1935 275 1959 turae
300 1926 444 1959 nimium
477 1925 614 1959 tribuit:
650 1924 710 1957 XI.
735 1922 1024 1969 quemadmodum
1050 1930 1083 1954 et
1108 1920 1174 1963 legi
1200 1921 1317 1954 Musis.

179 1988 259 2021 Xll.
292 1987 516 2030 Investigatur
548 1985 619 2031 eius
648 1985 812 2017 sententia
846 1985 887 2017 de
913 1983 1037 2026 gratiae
1055 1982 1193 2024 auxilio,
1219 1996 1320 2028 quam

181 2049 376 2082 hominibus
402 2063 420 2083 a
444 2051 522 2082 Deo
554 2047 723 2092 impertiri
756 2047 904 2086 censuit,
945 2054 1089 2090 propter
1121 2054 1212 2078 recte
1244 2056 1320 2078 ante

183 2111 288 2144 vitam
312 2121 418 2154 gesta;
443 2111 540 2144 Xlll.
567 2118 600 2142 et
624 2108 658 2141 in
683 2108 743 2141 hac
769 2108 835 2141 vita
852 2107 1001 2140 mortali.
1048 2107 1142 2140 XIV.
1170 2106 1321 2140 Gratiam

185 2173 388 2206 excitantem
412 2186 480 2205 non
506 2171 650 2214 agnovit.
697 2171 771 2204 XV.
797 2171 981 2215 Pei-peram
1007 2167 1233 2212 interpretatis
1251 2169 1324 2214 qui-

183 2236 326 2269 busdam
351 2235 547 2281 scripturae
575 2233 659 2266 locis
685 2232 718 2265 in
746 2246 818 2266 eam
843 2231 1042 2266 sententiam
1066 2230 1230 2263 adductus
1256 2240 1322 2275 est;
