1403 2492
149 78 218 115 246
483 79 595 115 Perm
626 79 800 115 Dmums
822 79 956 115 Hmz'm

154 169 405 203 firmamentum
430 170 542 213 locat,
568 171 600 204 in
627 184 771 216 eumque
798 170 968 204 dimissam
993 177 1091 216 putat
1112 168 1162 214 pii
1184 170 1290 203 latro-

154 231 206 266 nis
231 231 387 273 animam,
412 234 506 277 quod
531 243 564 267 et
591 234 632 266 de
658 233 804 267 aliorum
829 242 1023 266 sanctorum
1044 231 1218 265 animabus
1241 232 1290 264 af-

156 293 292 326 firmant
316 294 519 328 Severianus
540 295 634 329 Orat.
649 297 689 327 V.
717 296 759 328 de
778 295 955 339 Cosmop.,
973 302 1006 327 et
1018 293 1181 336 Eulogius
1199 293 1291 338 apud

156 354 259 388 Phot.
292 353 378 388 Cod.
408 355 485 391 230.
541 356 634 400 Quin
672 361 772 389 etiam
811 369 962 389 errorem
1001 354 1157 398 origenis
1187 354 1291 399 paulo

157 425 234 448 ante
257 429 352 449 suam
375 427 519 451 aetatem
543 431 561 452 a
586 418 768 452 Francisco
795 418 947 461 Georgio
978 425 1181 451 renovatum
1212 414 1294 448 scri-

157 477 210 510 bit
233 478 347 512 Sixtus
372 479 529 514 Senensis
561 480 647 512 libr(
662 481 702 512 V.
733 480 900 513 Biblioth.
925 488 1039 512 annot.
1063 478 1140 519 34..
1170 486 1296 511 totam-

159 551 225 584 que
257 538 328 586 ejus
361 541 429 574 loci
470 541 702 587 quaestionem
742 541 906 587 proximis
936 528 1210 574 annotationibus
1241 552 1296 572 ex-

159 599 286 634 haurit.

250 662 343 696 Alibi
366 673 479 697 tamen
494 664 658 707 Origenes
677 665 875 699 Paradisum
895 665 1003 705 Eden,
1026 676 1087 698 seu
1101 671 1296 697 terrestrem

160 723 307 757 eundern
332 737 402 758 esse
426 725 543 760 scribit
566 739 604 759 ae
628 726 824 760 Paradisum
840 727 951 767 illum,
975 726 1009 759 in
1035 738 1135 771 quem
1159 725 1297 770 piorum

160 785 290 818 animae
314 796 393 831 post
417 787 549 821 obitum
574 788 811 831 dimittuntur3
835 801 936 834 quem
962 801 1038 820 cum
1055 789 1089 821 in
1105 786 1205 820 terris
1224 785 1297 819 col-

162 847 339 889 locaverit,
362 858 400 882 ut
423 862 524 895 supra
548 850 635 891 dixi,
665 851 764 884 illurn
797 857 934 896 quoque
957 849 993 883 in
1017 849 1116 883 terris
1139 861 1211 881 esse
1238 860 1298 881 ne-

162 921 252 941 cesse
277 919 337 944 est.
387 910 479 955 »Qui
502 921 626 952 autem,
650 912 762 958 inquit
784 912 874 945 Libr.
900 912 927 946 I.
951 911 986 944 in
1011 911 1153 952 Cantic„
1178 910 1297 952 dignus

161 971 265 1004 suerit
287 971 411 1012 redire,
437 982 470 1005 et
494 986 564 1006 esse
589 987 664 1006 cum
692 974 847 1015 Christo,
880 974 1004 1019 quique
1028 974 1062 1006 in
1086 986 1191 1018 parvo
1217 972 1299 1004 fide*

163 1032 205 1065 lis
229 1034 386 1066 inventus
411 1034 636 1068 constituetur
658 1049 760 1080 super
781 1036 905 1075 multa,
936 1035 995 1068 ille
1019 1035 1164 1078 gustabit
1189 1043 1222 1067 et
1245 1046 1299 1066 ca-

163 1094 237 1138 piet
260 1092 470 1140 'voluptatem
495 1096 656 1136 Domini,
681 1098 865 1142 perductus
897 1097 938 1130 ad
970 1097 1088 1129 locum
1120 1096 1300 1140 quendam,

165 1155 224 1200 qui
247 1169 311 1200 pro
335 1156 531 1202 hujusmodi
555 1158 710 1191 ciborum
743 1158 851 1203 copiis
885 1168 918 1191 et
950 1156 1182 1197 varietatibus,
1213 1157 1301 1189 deli-

166 1216 293 1250 ciarum
317 1218 512 1251 nominatur
534 1220 641 1253 locus.
687 1221 835 1265 Propter
859 1221 953 1266 quod
978 1229 1012 1252 et
1034 1219 1069 1252 in
1087 1218 1185 1252 Eden
1209 1217 1301 1263 posi-

165 1288 218 1312 tus
243 1279 377 1321 dicitur,
402 1282 495 1325 quod
513 1281 658 1315 ‘delicias
683 1282 840 1315 indicam<

256 1342 348 1376 Vlll.
394 1342 441 1375 Ut
464 1343 614 1376 paradisi
639 1344 848 1388 plantatione
873 1343 1052 1390 mysticum
1084 1341 1166 1387 quid
1189 1341 1299 1374 notari

166 1403 263 1436 finxit
286 1404 351 1437 sibi
376 1405 605 1446 Adamantius,
631 1406 679 1438 ita
701 1416 911 1439 scortearurn
938 1404 1147 1444 tunicarum,
1178 1403 1300 1448 quibus

170 1465 337 1497 Adamum
362 1476 440 1510 post
464 1480 586 1499 noxam
604 1468 698 1500 Deus
722 1468 851 1507 induit,
881 1476 1010 1499 textura
1043 1478 1166 1509 corpus
1190 1465 1301 1509 ipsum

169 1535 341 1559 terrenum
373 1536 406 1559 et
435 1529 579 1561 mortale
616 1529 795 1571 significari
832 1527 1030 1569 somniavit,
1070 1540 1138 1572 quo
1179 1526 1302 1559 Adami

169 1588 279 1621 anima
303 1588 429 1630 illigata
454 1598 521 1629 est,
554 1603 629 1622 cum
662 1599 758 1622 antea
788 1589 989 1622 immortalis
1021 1597 1106 1622 esset
1135 1597 1169 1620 et
1192 1587 1303 1620 incor-

169 1650 314 1694 poralis3
339 1650 467 1695 alioqui
498 1651 680 1683 ridiculum
712 1652 786 1683 sore
817 1652 932 1683 Deum
962 1663 1124 1690 asserere,
1155 1650 1202 1682 sic
1233 1659 1304 1683 tan-

170 1725 270 1757 quam
296 1712 475 1745 coriarium
502 1722 536 1745 et
559 1722 720 1752 sutorem,
738 1712 920 1746 animantes
945 1712 1110 1755 glubisse,
1135 1721 1168 1744 et
1195 1711 1303 1744 detra-

171 1783 240 1807 ctas
270 1774 379 1820 pelles
413 1775 590 1809 consuisse.
639 1775 737 1807 Hunc
773 1775 934 1807 r‘esellunt
965 1787 1116 1807 errorem
1146 1775 1304 1807 Irenaeus

172 1835 230 1869 lib.
245 1837 270 1869 1.
298 1849 367 1880 cap.
386 1836 434 1876 1.,
467 1844 499 1868 et
524 1829 753 1869 Tei-tullianus
786 1837 912 1869 advers.
944 1836 1116 1871 Valentia.
1149 1848 1220 1879 cap.
1237 1835 1304 1877 24..

173 1908 207 1930 et
231 1898 307 1930 libr.
333 1899 374 1930 de
399 1908 575 1931 resurrect.
601 1911 689 1930 carn.
716 1912 788 1943 cap.
803 1899 853 1940 7.;
877 1899 944 1945 jam
971 1899 1059 1932 enirn
1084 1906 1160 1930 ante
1186 1897 1304 1939 Orige-

172 1959 224 1992 nis
248 1969 394 1992 aetatem
417 1960 615 1993 inoleverat.
663 1960 804 1993 Resellit
828 1973 981 2006 quoque,
1015 1969 1048 1993 et
1079 1959 1114 1993 in
1146 1959 1303 1992 Cassiano

173 2022 321 2066 quodam
347 2023 482 2054 damnat
506 2022 663 2055 Clemens
687 2022 932 2054 Alexandrinus
957 2023 1118 2055 stromat.
1150 2021 1208 2054 lib.
1231 2021 1305 2060 lll.,

173 2092 210 2116 ut
233 2083 367 2116 monuit
393 2097 446 2116 me
472 2084 595 2116 Paulus
619 2084 844 2123 Pellissonus,
880 2084 911 2116 in
946 2097 1013 2128 quo
1037 2084 1157 2128 plusne
1182 2082 1303 2124 ingenii

173 2145 432 2186 amoenitatem,
469 2158 509 2177 an
539 2147 777 2189 praestantiam
810 2146 981 2179 doctrinae
1013 2146 1149 2178 laudem
1179 2143 1303 2176 nescio.

174 2205 350 2237 Refellunt
376 2216 407 2238 et
431 2206 601 2246 Jusiinus,
637 2222 693 2240 scu
727 2209 875 2253 quisquis
912 2217 1029 2240 auctor
1053 2216 1100 2239 est
1126 2205 1304 2249 Quaestio-

175 2280 255 2299 num
282 2267 321 2299 ad
349 2268 586 2306 orthodoxos.
621 2280 744 2312 quaest.
772 2270 842 2307 49,
877 2280 907 2302 et
933 2279 1050 2302 auctor
1073 2268 1305 2308 Dialogorum.
