1403 2492
227 95 292 129 170
558 95 669 128 Psi-m
694 96 865 129 DAuissus
889 97 1021 131 Huni-n

227 185 267 218 ἓν
291 186 339 229 τῷ
364 189 432 228 βίῳ
457 182 568 228 τυιῖιῳ
600 187 777 229 αἰσχρῶν·
810 184 885 228 ἥτις
916 185 1038 232 ὥσπερ
1070 187 1209 232 σκώληξ
1241 202 1354 224 κατα-

227 247 388 290 δαπανᾷ,
415 249 474 280 καὶ
502 245 548 284 ὠς
571 248 644 291 πῦρ
670 249 807 291 φλέγει.
855 248 989 281 Ni‹·ctas
1015 248 1087 283 libr.
1116 236 1278 284 lvsthes.
1302 263 1356 284 or-

223 307 318 340 thod.
344 308 400 341 fid.
425 308 523 341 Haer.
548 308 601 344 31.
636 309 750 341 Deum
775 309 858 351 ignis
889 309 978 342 illius
1010 310 1149 344 nomine
1171 310 1282 344 notari
1304 324 1356 344 m-

223 370 381 414 spicatur,
406 369 482 414 quia
510 370 648 403 »vitium
674 371 852 411 consumit,
879 381 911 404 et
935 371 967 404 in
983 371 1133 405 favillam
1158 371 1355 405 convertit.-

227 433 264 465 ln
298 432 475 465 statuendo
507 432 695 465 interorum
739 433 816 466 loco
856 441 946 466 extra
976 433 1096 467 mundi
1126 434 1223 480 hujus
1253 442 1357 466 metas

227 494 366 537 Origeni
389 495 591 536 suffragatur
617 494 876 540 Clnrysostomus
907 495 1037 528 Homil.
1060 495 1190 529 XXXI.
1222 494 1256 528 in
1286 494 1359 539 epi-

224 556 302 603 stol.
327 557 368 590 ad
395 557 513 595 Rom.‚
537 557 720 598 geliennam
747 557 779 589 in
803 556 919 601 spatiis
945 557 986 589 ab
1010 556 1075 590 lmc
1099 557 1228 591 mundo
1250 569 1359 590 secte-

223 618 265 651 tis
288 628 434 652 statuens
459 619 524 651 hoc
548 627 763 660 argumente,
802 619 892 663 quod
918 631 1034 661 regum
1060 631 1209 652 carceres
1232 627 1265 651 et
1289 631 1359 651 mc—

223 681 302 712 talla
327 690 456 714 remota
482 694 551 714 esse
576 682 716 713 soleant.
764 681 977 723 Suffragatur
1000 690 1033 714 et
1057 680 1258 723 Augustinus
1282 679 1357 712 libr.

223 743 300 776 Xll.
330 744 371 775 de
404 743 526 776 Genes.
558 743 600 774 ad
635 742 683 775 lit.
720 756 791 787 cap.
816 742 871 778 33.
893 742 970 783 34„
1001 756 1077 775 cuin
1110 743 1236 775 inferos
1265 750 1355 774 extra

222 815 344 837 terram
369 805 534 844 collocat;
559 813 592 836 et
617 804 692 837 libr.
710 804 785 837 XX.
812 805 853 837 dc
880 804 980 838 Civit.
999 805 1064 837 Dei
1091 817 1162 848 cap.
1190 803 1253 843 16„
1279 816 1353 836 cuni

224 867 375 908 ignorare
400 880 434 899 se
467 866 663 910 profitetur,
696 866 727 897 in
766 879 856 911 »qua
885 866 1000 899 mundi
1034 866 1086 898 vel
1116 879 1228 898 rerum
1260 875 1355 911 parte

223 932 354 961 tuturus
379 928 421 961 sit
445 927 528 969 ignis
553 928 650 960 ille.«
695 928 857 971 Quamvis
882 928 957 965 libr.
977 928 1016 960 ll.
1044 928 1189 961 Retract.
1215 941 1286 972 cap.
1303 927 1356 963 24.
1396 919 1402 924 ’

222 992 284 1023 sub
310 990 406 1023 t'erris
431 991 518 1022 hunc
543 1003 612 1022 esse
638 990 773 1022 tandem
801 991 974 1022 concedat.
1023 990 1122 1023 Certe
1149 991 1190 1022 de
1219 990 1298 1022 loco
1324 998 1357 1022 et

219 1063 335 1086 natura
360 1052 442 1095 ignis
466 1051 582 1097 hujus,
606 1051 687 1084 licet
719 1052 851 1084 nullum
883 1051 1150 1084 adhuc-,editum
1182 1051 1225 1084 sit
1256 1044 1385 1095 pecu-¹

222 1116 302 1148 liare
328 1116 514 1152 decretum,
539 1114 663 1146 nedum
690 1114 880 1146 Adamantii
905 1123 1022 1153 aetate,
1048 1113 1219 1146 universae
1244 1122 1356 1146 tamen

223 1190 403 1210 consensus
428 1175 589 1209 ecclesiae
613 1175 691 1207 satis
717 1175 881 1213 ostendit,
914 1175 995 1219 quid
1028 1174 1210 1219 unicuique
1241 1184 1357 1207 tenen-

219 1242 299 1273 dum
324 1239 378 1273 sit.
425 1237 582 1281 Denique
606 1237 754 1270 Joanncs
778 1236 989 1281 Plniloponus
1015 1235 1223 1283 Christianus
1246 1236 1359 1281 philo-

219 1303 346 1348 sophus
369 1301 496 1335 animas
522 1298 723 1344 corporibus
756 1307 901 1331 exemtas
933 1298 1020 1331 circa
1048 1307 1268 1332 monumenta
1298 1312 1358 1331 vo-

222 1354 323 1396 lutari
347 1376 423 1396 cum
456 1362 602 1403 Origene
634 1360 800 1394 decrevit:
832 1374 908 1393 nam
939 1360 1112 1394 hominem
1143 1360 1272 1406 triplici
1306 1361 1357 1394 in-

220 1434 383 1458 structum
407 1423 538 1464 anima,
562 1422 763 1464 vegetativa,
793 1422 969 1462 sensitiva,
993 1432 1026 1455 et
1049 1422 1205 1455 rationali
1228 1423 1354 1468 priori—

219 1489 281 1520 bus
305 1488 432 1520 duabus
458 1499 519 1531 per
542 1494 688 1517 mortem
714 1483 840 1527 privari
864 1483 958 1524 dixit,
981 1485 1113 1518 tertiam
1140 1498 1220 1518 vero
1238 1498 1357 1530 super-

219 1563 310 1590 csse;
335 1561 420 1594 quae
445 1547 472 1581 si
495 1546 679 1580 sceleribus
702 1545 871 1590 inquinata
894 1546 947 1585 sit,
972 1546 1152 1593 expiandis*
1171 1547 1210 1580 iis
1233 1547 1354 1592 spiritu

220 1610 313 1644 tenui
337 1609 462 1649 vestiri,
487 1609 519 1642 in
546 1620 656 1653 eoque
682 1607 896 1640 commerims
919 1620 1046 1652 poenas
1071 1608 1169 1650 dare;
1199 1609 1353 1654 alioquin

218 1674 456 1717 incorpoream
479 1669 855 1713 animam‚'corp0reis
886 1670 986 1701 rebus
1016 1670 1106 1703 affici
1135 1683 1205 1704 non
1234 1684 1352 1717 posse:

216 1735 392 1782 spirituale
425 1734 538 1778 itaque
567 1731 658 1764 istud
687 1744 810 1775 corpus
841 1731 1017 1776 suppliciis
1048 1733 1222 1777 torqueri3
1250 1744 1285 1767 et
1318 1734 1353 1768 in

216 1796 438 1844 sepulchretis
461 1793 597 1828 interim
623 1794 754 1836 degere,
779 1792 944 1838 variisque
967 1793 1063 1826 indui
1087 1794 1216 1835 formis,
1241 1804 1276 1828 et.
1299 1809 1354 1828 va-

217 1862 359 1908 poribus
384 1857 524 1900 nutriri3
547 1846 656 1900 eoque
681 1856 816 1888 tandem
841 1857 1011 1895 absumto,
1036 1866 1107 1889 tum
1133 1857 1270 1892 demum
1296 1871 1351 1891 ex-

217 1925 342 1970 piatam
368 1920 514 1954 animam
539 1917 679 1958 absolvi,
705 1927 739 1950 et
762 1917 795 1950 in
821 1917 956 1949 coelum
981 1917 1071 1951 serri.

308 1983 401 2017 «Nihil
426 1994 529 2026 porro
555 1980 674 2012 iterare
700 1979 838 2018 attinet,
871 1980 963 2022 quod
989 1992 1050 2012 suo
1074 1978 1142 2024 jam
1167 1981 1350 2026 disputavi-

218 2062 290 2081 mus
317 2047 407 2085 loco,
431 2055 617 2087 ecquonam
642 2051 796 2084 tempor-‹-
823 2041 1044 2074 dat-monibus
1071 2041 1247 2076 inserenda
1270 2057 1350 2088 sup-

217 2110 318 2155 plicia
344 2107 507 2149 Origenes
533 2102 711 2148 putaverit.
760 2103 981 2147 Perspicuum
1004 2103 1095 2136 enim
1111 2104 1252 2138 fecimus
1276 2105 1350 2138 nul—

215 2173 273 2211 las,
299 2170 402 2214 ipsius
426 2165 599 2212 opinione,
625 2177 751 2209 poenas
776 2165 814 2196 iis
840 2165 956 2207 infligi,
981 2166 1092 2210 quoad
1109 2175 1282 2210 postremo
1299 2166 1347 2211 ju-

215 2234 305 2267 dicio
331 2232 363 2264 in
389 2231 497 2272 ignem
523 2238 694 2260 aeternum
720 2226 865 2272 conjecti
897 2227 980 2268 sint;
1012 2229 1204 2273 multosque
1235 2241 1252 2261 e
1276 2241 1347 2261 san—

218 2296 277 2329 ctis
295 2294 449 2328 Patribus
467 2303 622 2335 poenam.
641 2289 689 2322 uti
703 2288 903 2334 appellatur.
921 2302 1034 2323 sensus
1048 2290 1141 2323 abiis
1154 2290 1347 2323 removisse.
