1403 2492
356 83 666 115 Omessmfflonum
690 80 803 114 Lmen
828 81 872 112 11.
1112 82 1174 117 171

140 171 197 204 IX.
245 172 341 204 Nunc
366 171 446 216 quid
473 171 514 203 de
538 169 695 202 beatitate
718 179 928 202 commentus
943 169 996 210 sit,
1021 170 1175 214 explore-

50 245 133 266 mus.
180 233 275 266 Hanc
310 233 343 266 in
376 245 417 265 eo
449 231 591 276 positam
623 230 742 270 sensit,
781 239 820 263 ut
851 230 1000 276 quisquis
1035 244 1107 264 eam
1132 231 1175 264 sit

48 295 200 338 adeptus,
224 308 328 327 unum
346 307 421 327 cum
438 293 513 325 Deo
531 291 706 331 efficiatur,
727 290 818 336 juxta
831 291 919 324 illud
930 292 1177 331 Joann.XV11,

49 354 106 388 24.
131 365 165 387 et
187 354 240 388 21.
290 370 328 385 n»
339 356 438 388 Pater
465 366 546 399 quos
571 353 693 386 dedisti
715 353 817 393 mihi,
850 354 929 386 volo
954 363 992 387 ut
1014 353 1074 387 ubi
1098 367 1172 387 sum

51 429 124 458 ego,
149 426 182 449 et
205 416 256 449 illi
280 416 344 449 sint
361 428 518 456 ,mecum;
549 424 589 447 ut
622 427 738 448 omnes
766 428 870 447 unum
900 415 981 455 sint,
1021 415 1108 448 sicut
1137 424 1176 448 tu

50 478 150 510 Pater
173 477 207 510 in
231 489 297 517 me,
321 486 354 510 et
378 490 439 519 ego
465 477 497 509 in
522 485 566 516 te,
591 485 628 508 ut
649 485 681 509 et
698 477 763 521 ipsi
776 476 810 509 in
822 476 921 509 nobis
934 489 1038 509 unum
1055 476 1173 509 sint.««

49 539 105 571 Ad
128 538 164 571 id
187 547 298 571 autem
324 537 492 570 felicitatis
518 538 651 570 culmen
675 550 746 570 non
768 538 878 570 statim
902 537 1033 582 putavit
1059 550 1178 582 perve-

48 600 122 639 niri,
146 600 204 632 sed
227 612 290 644 per
311 599 538 641 cognitionem
561 599 709 644 primum
727 608 760 632 et
777 599 1014 638 eruditionem,
1039 611 1103 643 qua
1129 611 1180 631 er-

49 675 166 694 rorum
191 671 225 694 et
247 661 451 703 ignorantiae
478 661 584 702 caligo
611 661 804 702 discutitur3
828 673 865 693 ac
891 660 1013 693 deinde
1037 673 1099 706 per
1109 660 1177 693 Dei

48 722 321 762 similitudinem;
354 732 387 754 et
411 723 547 755 demum
571 735 633 767 per
655 722 808 754 intimam
833 735 909 754 cum
932 722 1011 754 Deo
1037 721 1177 768 conjun-

49 785 195 816 ctionem
221 792 253 815 et
275 783 460 824 unitatem,
495 797 560 828 qua
590 797 786 828 supremum
817 784 945 816 bonum
976 783 1178 816 continetur.

49 844 170 878 Multis
208 845 289 876 11388
329 845 538 888 explicantur
573 845 649 878 libr.
682 847 721 879 ll.
768 847 808 878 de
844 845 991 889 Princip.
1029 858 1100 889 cap.
1127 845 1179 879 11.

49 919 140 940 num.
164 906 206 946 3.,
232 916 263 939 et
289 906 363 939 libr.
388 907 450 939 111.
477 919 546 951 cap.
568 907 597 941 6.
624 920 715 940 num.
737 908 766 941 1.
793 916 826 939 et
848 920 938 951 seq.;
961 919 1038 939 nam
1064 907 1178 951 priore

49 968 128 1001 loco
153 968 299 1000 ostendit
324 968 486 1010 Origenes
512 979 720 1001 comesturos
749 978 882 1001 sanctos
918 981 1059 1012 »panem
1082 968 1180 1008 vitae,

50 1030 106 1074 qui
130 1029 276 1062 veritatis
301 1038 333 1062 et
356 1030 537 1074 sapientiae
565 1031 644 1063 cibis
668 1030 795 1063 nutriat
818 1030 974 1070 animam,
999 1040 1030 1062 et
1053 1029 1180 1062 illumi-

48 1100 107 1123 net
129 1099 287 1130 mentem,
312 1100 345 1123 et
367 1100 465 1135 potet
489 1104 562 1125 eam
587 1092 717 1124 divinae
741 1091 924 1136 sapientiae
953 1090 1182 1136 poculis....3

51 1152 170 1197 quibus
193 1151 374 1196 sapientiae
406 1153 486 1184 escis
517 1153 641 1185 nutrita
667 1165 761 1185 mens
791 1153 833 1184 ad
857 1152 1025 1194 integrum
1049 1161 1083 1185 et
1105 1166 1183 1197 per-

50 1215 194 1252 sectum,
223 1213 354 1256 sicut¹)
386 1214 420 1245 in
452 1213 549 1246 initio
575 1215 680 1246 factus
705 1222 754 1246 est
776 1213 899 1253 homo,
930 1214 972 1246 ad
1002 1213 1183 1256 imaginem

53 1286 86 1309 et
110 1274 364 1308 similitudinem
388 1275 453 1307 Dei
478 1284 684 1319 reparetur.«
733 1275 822 1308 Hinc
854 1274 1036 1320 unicuique
1060 1289 1079 1308 a
1101 1276 1180 1309 Deo

49 1339 211 1371 insertum
235 1348 305 1369 esse
330 1336 376 1369 ait
410 1336 560 1368 discendi
583 1348 751 1376 amorem,
788 1336 848 1381 qui
876 1345 948 1368 tum
980 1337 1183 1381 explebitur,

54 1412 130 1431 cum
153 1407 232 1443 post
256 1398 433 1438 diligenter
457 1397 637 1441 quaesitam
667 1398 702 1430 111
732 1398 792 1431 1138
822 1398 887 1430 vita
920 1398 1066 1431 veritatis
1090 1400 1182 1431 noti-

53 1460 143 1500 tiam,
168 1459 346 1491 clariorem
369 1471 481 1491 rerum
505 1459 761 1503 perceptionem
794 1459 955 1503 consequi
984 1472 1183 1504 promerue-

51 1521 211 1562 rimus.²)
259 1519 488 1564 Multiplicem
514 1520 636 1553 deinde
661 1534 774 1554 rerum
798 1520 973 1553 scientiam
999 1532 1183 1563 enumerat,

52 1595 116 1627 qua
139 1591 210 1614 tum
235 1594 328 1614 mens
352 1580 591 1621 illustrabitur,
621 1595 691 1615 non
719 1581 870 1627 simplici
901 1583 1038 1627 quidem
1071 1592 1105 1616 et
1133 1597 1185 1617 re-

53 1643 188 1689 pentina
213 1642 484 1683 collustratione,
517 1644 574 1676 sed
600 1643 747 1686 diversa,
779 1653 814 1677 et
842 1657 905 1688 pro
938 1645 1060 1677 mentis
1085 1655 1184 1690 captu

53 1715 88 1738 et
109 1717 287 1750 progressu
312 1703 497 1736 continenti
527 1705 738 1738 successione
761 1704 942 1750 impertita.
988 1706 1185 1739 Posteriore

53 1776 165 1800 autem
189 1766 268 1798 loco
300 1766 401 1799 docet
429 1778 597 1798 summum
621 1767 768 1809 bonum,
797 1780 858 1800 seu
887 1767 990 1800 finem
1021 1767 1185 1809 omnium,

57 1828 98 1860 ad
122 1841 220 1872 quem
245 1837 360 1859 natura
386 1828 555 1860 rationalis
579 1828 731 1860 universa
755 1828 880 1872 tendit,
905 1829 995 1862 hunc
1029 1841 1120 1868 esse,
1142 1829 1186 1862 si-

58 1889 172 1921 milem
197 1890 292 1928 Deo,
316 1890 428 1933 quoad
462 1889 530 1933 ejus
562 1890 634 1922 fieri
660 1899 790 1934 potest,
823 1890 984 1932 evadere;
1016 1899 1116 1935 atque
1147 1904 1186 1924 ex

59 1951 119 1983 hac
154 1950 372 1982 similitudine
409 1951 439 1983 in
480 1951 600 1983 melius
631 1951 866 1995 proficientem
902 1950 1046 1984 animam
1082 1965 1186 1985 unum

59 2012 123 2056 jam
149 2012 218 2043 lieri
244 2024 318 2043 cum
342 2011 438 2051 Deo,
482 2022 584 2056 prout
613 2012 787 2057 pollicitus
821 2022 870 2045 est
895 2013 1044 2046 Christus
1067 2014 1187 2047 Joann.

61 2074 177 2113 XVII,
209 2073 261 2106 24.
289 2082 320 2104 et
344 2071 417 2113 21„
447 2083 545 2118 atque
570 2074 615 2107 ita
640 2087 744 2119 porro
772 2074 804 2107 in
830 2074 895 2108 fine
923 2075 1056 2116 omnia,
1092 2086 1124 2109 et
1156 2076 1189 2109 in

159 2202 188 2243 ¹)
213 2201 276 2233 Ed.
301 2201 422 2234 Ruaei:
449 2206 534 2234 sicut
559 2216 596 2235 cx
620 2204 727 2237 initio.

154 2258 185 2300 -’)
210 2257 296 2289 Edd.
323 2257 451 2290 Huotii.
481 2259 726 2301 promeruimus
