1403 2492
181 31 222 67 16
519 33 631 67 Pam
665 34 837 69 Dimittis
872 35 1003 69 Hunni

181 122 267 166 logis
299 133 331 156 et
364 123 492 156 vatibus
523 125 675 158 adstruit.
732 125 858 158 Merito
898 126 1011 170 itaque
1045 125 1323 172 Harmenopulus

182 185 216 218 in
242 184 330 216 libro
356 185 397 217 de
422 185 537 226 sectis,
567 196 599 219 et
623 187 714 220 Elias
740 187 908 221 Cretensis
933 187 1132 222 Nazianzeni
1157 189 1323 234 interpres

182 260 199 280 e
225 246 435 280 Graecorum
461 248 611 280 sontibus
635 249 834 282 sententiam
859 263 951 282 suam
970 249 1152 293 origenem
1179 251 1324 286 hausisse

182 309 311 342 dicunt.

271 370 364 404 VllI.
410 372 453 404 At
490 384 563 404 eam
601 381 732 412 tamen,
772 386 839 417 quo
876 373 1073 406 Christianis
1107 376 1322 420 approbaret,

180 447 248 468 non
281 432 468 466 rationibus
501 434 677 473 duntaxat,
711 434 770 466 sed
803 435 959 479 quaesitis
992 435 1093 469 etiam
1126 435 1321 482 Scripturae

181 508 293 530 sacrae
331 495 533 529 testimoniis
567 495 687 528 fulcire
725 505 863 529 conatus
896 507 962 537 est,
998 511 1081 543 quae
1108 499 1140 543 ¹)
1172 498 1271 531 nobis
1303 511 1322 531 a

183 558 340 593 Patribus
367 557 576 590 exhibentur.
616 560 727 602 Atque
753 558 814 591 hos
839 559 976 604 quidem
994 560 1097 593 reffert
1112 559 1322 605 Epiphanius

179 621 214 654 in
240 634 292 665 ep.
318 620 358 652 ad
383 620 504 653 Joann.
530 619 759 666 Hierosolym.
787 633 858 665 cap.
879 621 908 654 2.
935 634 951 653 e
970 621 1094 654 Psalm.
1114 622 1241 662 cxlx,
1265 621 1320 656 67.

184 683 402 728 »Priusquam
427 695 444 714 a
470 681 599 714 malitia
622 681 836 721 humiliarer,
863 696 923 725 ego
950 683 1122 728 deliqui:ss
1151 697 1167 716 e
1193 683 1316 717 Psalm.

180 746 308 785 CXVI,
335 745 363 778 7.
414 745 617 777 »Revertere
649 743 760 776 anima
786 757 861 776 mea
887 744 920 776 in
945 745 1099 790 requiem
1124 755 1263 779 tuamzu
1303 758 1321 778 e

177 808 301 842 Psalm.
339 807 482 845 CXLII,
514 806 545 839 7.
583 804 699 838 »Educ
732 808 773 839 de
807 819 939 839 carcere
978 807 1124 840 animam
1164 820 1317 840 meamzu

178 881 212 904 et
237 884 254 904 e
287 870 411 903 Psalm.
439 868 567 907 CXVI,
599 867 630 902 9.
676 868 899 902 »confitebor
928 868 1081 901 Domino
1113 869 1146 902 in
1183 869 1319 912 regione

176 933 363 966 vivorum.«
420 930 575 975 Apponit
612 940 644 963 et
677 930 778 972 istum
810 930 1038 977 Hieronymus
1079 932 1111 964 in
1147 931 1243 976 epist,
1277 931 1318 964 ad

175 993 386 1030 Demetriad.
419 1005 491 1037 cap.
516 991 546 1026 9.
586 1005 603 1024 e
629 992 749 1025 Joann.
782 993 850 1033 IX,
887 992 918 1026 2.
956 994 1042 1026 »Iste
1073 993 1249 1039 peccavit,
1281 1002 1320 1026 ut

177 1070 294 1091 caecus
331 1069 369 1088 ex
401 1064 499 1087 utero
532 1064 742 1094 nasceretur,
778 1067 818 1087 an
841 1065 996 1099 parentes
1023 1055 1143 1101 ejus?«
1182 1065 1216 1088 et
1241 1055 1319 1087 illos

176 1128 348 1165 praeterea
379 1117 437 1150 lib.
465 1116 493 1151 1.
534 1116 724 1150 Comment.
763 1116 796 1149 in
829 1116 926 1162 epist.
958 1117 999 1149 ad
1029 1117 1155 1162 Ephes.
1183 1118 1211 1158 l,
1243 1117 1274 1151 4.
1301 1129 1318 1149 e

173 1181 298 1216 Psalm.
325 1179 431 1218 CXX,
458 1178 490 1217 5,
514 1177 544 1212 6.
594 1178 680 1210 «Hei
707 1177 806 1218 mihi,
831 1178 909 1223 quia
933 1178 1100 1211 incolatus
1125 1192 1220 1212 meus
1238 1191 1318 1223 pro-

174 1244 328 1285 longatus
360 1250 427 1282 est;
460 1239 607 1272 habitavi
635 1254 711 1272 cum
744 1240 971 1273 habitantibus
1008 1240 1135 1281 Cedat,
1171 1241 1317 1273 multum

174 1303 385 1350 peregrinata
411 1311 459 1334 est
484 1299 594 1334 anima
618 1315 738 1334 meat«
768 1314 785 1333 e
802 1302 901 1334 Rom.
928 1302 1004 1340 VII,
1029 1302 1083 1336 2-1.
1112 1302 1239 1336 »Miser
1254 1315 1314 1345 ego

174 1365 298 1398 homo!
324 1365 397 1409 quis
422 1377 475 1395 me
503 1363 660 1396 liberabit
686 1364 726 1395 de
753 1375 897 1407 corpore
921 1363 1040 1396 mortis
1066 1363 1210 1409 hujus?«
1241 1373 1273 1396 et
1299 1377 1315 1396 e

173 1416 323 1471 Philipp.
344 1427 369 1465 l,
385 1424 440 1460 23.
470 1424 614 1458 »Melius
640 1434 687 1456 est
713 1425 856 1464 reverti,
883 1434 915 1457 et
941 1438 1010 1458 esse
1037 1438 1113 1457 cum
1131 1425 1311 1459 Christo:«

173 1499 206 1523 et
231 1502 247 1522 e
272 1488 395 1521 Psalm.
421 1487 494 1526 XC,
521 1487 535 1520 1
568 1486 598 1519 2.
629 1486 809 1526 »D0minc,
834 1487 1002 1529 refugium
1026 1487 1132 1519 factus
1159 1499 1192 1519 es
1216 1486 1315 1519 nobis

171 1551 205 1584 in
237 1550 489 1592 generationem
523 1559 555 1581 et
586 1548 854 1590 generationem:
887 1558 1065 1594 antequam
1097 1558 1230 1581 montes
1260 1548 1316 1580 fir-

171 1620 361 1650 marentur,
395 1621 427 1643 et
459 1612 553 1644 fieret
586 1620 693 1650 terra,
724 1621 756 1643 et
788 1611 878 1643 orbis
912 1620 1108 1644 terrarum.«
1158 1609 1313 1655 Apponit

171 1684 204 1707 et
228 1673 327 1706 inum
360 1672 393 1705 in
418 1673 542 1718 Ephes.
570 1659 614 1712 1,'
633 1672 685 1706 17.
715 1686 734 1705 e
758 1672 880 1705 Psaim.
905 1673 1024 1712 xxm,
1052 1671 1106 1706 27.
1140 1670 1314 1704 »Remini-

170 1745 306 1770 scentur
332 1744 364 1767 et
390 1744 630 1767 convertentur
653 1735 695 1767 ad
712 1734 902 1776 Dominum
922 1747 1038 1767 omnes
1063 1734 1144 1766 fine,-
1170 1743 1307 1766 terrae«

170 1799 221 1832 Ex
245 1798 310 1831 hoc
336 1797 481 1842 denique
507 1798 628 1839 Joann.
655 1797 682 1836 I,
706 1796 736 1831 9.
789 1796 888 1829 »Erat
912 1797 967 1828 lux
993 1808 1088 1835 vera,
1125 1807 1208 1839 quae
1233 1794 1311 1826 illu-

168 1860 274 1893 minat
307 1872 444 1892 omnem
477 1859 651 1891 hominem
684 1857 873 1890 venientem
905 1857 939 1889 in
973 1856 1061 1889 hunc
1094 1856 1306 1889 mundanam

171 1934 303 1955 caussae
334 1934 413 1954 suae
444 1921 550 1954 robur
574 1920 757 1962 Origenem
783 1919 835 1952 vel
862 1918 1067 1961 Origenistas
1097 1917 1309 1951 accersivisse

169 1983 251 2016 dicit
276 1982 428 2028 Cyrillus
453 1982 487 2015 in
513 1982 656 2015 eundem
681 1981 822 2014 Joannis
847 1981 972 2014 locum.

259 2044 318 2077 lx.
355 2044 424 2077 Sed
451 2043 628 2077 manifesto
654 2052 817 2088 repugnat
841 2042 927 2075 illud
954 2042 1135 2076 Zachariae
1160 2041 1243 2083 XII,
1277 2041 1306 2077 1.

266 2229 296 2273 ¹)
321 2228 408 2261 Edd.
435 2229 489 2269 H.‚
515 2229 573 2262 csr.
599 2241 710 2273 seqq.‚
739 2227 845 2272 »qui.«
