1403 2492
402 86 716 119 ORIGEMANORUM
741 83 852 116 Lmen
867 83 912 115 ΙΙ.
1183 81 1228 116 43

90 182 160 206 tem
184 173 376 206 testimonia
401 174 513 215 solvit,
538 174 683 219 explosis
700 172 1025 210 Valentinianorum,
1049 170 1225 203 Basilidia-

88 248 223 274 nomm,
249 244 281 268 et
305 235 600 269 marcionistarum
626 234 771 273 deliriis,
796 233 852 278 qui
880 233 1025 265 diversas
1049 232 1226 265 hominum

89 305 233 337 naturas,
259 297 339 330 alias
365 298 461 338 vitae,
483 297 563 330 alias
588 296 692 329 morti
711 295 899 334 destinatas,
924 307 961 327 ac
974 294 1087 326 Deum
1106 294 1225 326 mundi

90 358 261 402 opificem,
287 360 408 391 durum
433 371 470 391 ac
493 371 658 398 severum,
683 358 786 390 alium
806 358 935 389 bonum
950 356 1074 389 Christi
1091 366 1223 401 patrem

90 420 449 453 comminiscebantur:
475 429 507 453 et
531 420 653 462 gratiae
679 421 817 452 demum
842 419 973 450 divinae
988 419 1223 462 operationem

89 483 162 514 fuse
187 482 366 522 describit,
405 495 469 527 qua
502 482 543 514 de
574 491 653 526 post
677 480 799 514 dicturi
824 493 947 513 sumus.
996 480 1116 524 Capite
1142 494 1222 513 vero

89 543 244 588 sequenti
266 557 360 579 num,
383 543 414 577 4.
439 544 586 576 ostendit
610 544 697 576 mala
707 528 819 575 ‘nobis
849 542 1101 583 suggerentibus
1125 552 1224 586 pote-

88 604 228 637 statibus
262 605 456 644 contrariis,
494 605 549 637 vel
579 606 621 638 ad
650 614 780 638 rectum
805 603 989 636 inclinante
1013 616 1074 635 nos
1099 604 1223 636 virtute

89 666 219 706 divina,
256 666 367 706 vigere
404 665 625 699 nihilominus
662 667 802 699 liberam
841 664 971 698 arbitrii
1008 674 1222 709 potestatem.

89 728 186 772 Quae
210 727 290 760 alibi
313 728 439 772 repetit
460 740 560 773 saepe
585 737 618 760 et
642 727 799 760 inculcat.
848 727 981 770 Quibus
1005 737 1117 760 autem
1143 742 1224 773 pro-

87 791 144 822 bat
168 789 271 829 locis,
295 789 441 831 animas,
472 789 506 822 iu
532 802 755 834 quencumque
782 787 978 821 devenerint
1000 798 1140 831 statum,
1170 804 1222 823 ar-

86 850 180 883 bitrii
203 851 255 884 sui
278 852 434 884 libertate
457 851 519 892 uti,
541 861 676 896 praeter
699 851 776 891 illa,
801 863 887 895 quae
911 849 1086 883 attulimus
1109 865 1222 896 supra,

87 925 163 944 cum
189 914 232 945 de
266 913 464 955 angelorum
494 914 648 947 libertate
678 925 870 955 ageremus,
910 924 1065 956 quaeque
1096 912 1222 946 iterum

88 975 220 1007 consuli
244 975 365 1016 veliin,
398 988 435 1008 ea
459 975 640 1020 praecipue
665 984 753 1008 sunt.
800 975 890 1007 Libr.
915 973 945 1008 2.
979 977 1061 1018 περὶ
1086 974 1221 1020 ἀρχῶν,

87 1049 161 1081 cap.
187 1035 218 1071 3.
241 1050 336 1070 num.
361 1037 392 1072 3.
442 1037 628 1070 »Possibile
653 1036 741 1069 enim
768 1036 918 1076 videtur,
943 1045 982 1068 ut
1003 1036 1221 1070 rationabiles

87 1107 242 1138 naturae,
274 1112 292 1131 a
324 1099 445 1144 quibus
476 1112 647 1144 nunquam
672 1099 823 1130 aufertur
846 1096 945 1130 liberi
968 1097 1109 1131 facultas
1133 1099 1221 1132 arbi-

85 1159 154 1200 trii,
178 1160 308 1204 possint
332 1161 454 1193 iterum
467 1161 635 1205 aliquibus
651 1160 801 1192 motibus
817 1159 1000 1205 subjacere,
1024 1160 1221 1201 indulgente

86 1221 153 1253 hoc
178 1221 290 1265 ipsum
314 1222 483 1262 Domino,
507 1235 548 1254 ne
577 1222 682 1260 forte,
713 1220 740 1252 si
770 1220 983 1253 immobilem
1013 1234 1148 1266 semper
1172 1232 1222 1255 te-

86 1292 186 1315 neant
208 1292 342 1324 statum,
368 1284 523 1325 ignorent
553 1296 588 1315 se
613 1283 680 1315 Dei
705 1282 868 1327 gratia,¹)
901 1291 935 1314 ct
963 1295 1033 1315 non
1063 1297 1123 1316 sua
1154 1285 1221 1317 vir-

87 1353 158 1376 tute
174 1344 208 1376 in
222 1344 285 1376 illo
304 1345 369 1377 fine
386 1343 604 1376 beatitudinis
626 1344 858 1376 constitissem
887 1353 921 1376 et
945 1343 1022 1377 libr.
1041 1344 1073 1379 3.
1099 1358 1172 1390 cap.
1189 1349 1219 1380 1.

85 1418 177 1439 num.
203 1405 258 1440 21.
308 1406 377 1438 »Ex
403 1419 470 1451 quo
505 1405 701 1450 opinamur,
741 1405 901 1449 quoniam
926 1405 1082 1450 quidem,
1117 1407 1222 1453 (sicut

83 1468 280 1512 frequenter
306 1467 476 1512 diximus),
500 1467 702 1500 immortalis
721 1477 767 1499 est
783 1466 891 1499 anima
910 1476 943 1499 et
958 1476 1102 1509 aeterna,
1127 1471 1221 1514 quod

83 1529 118 1561 in
143 1529 258 1562 multis
283 1539 316 1562 ct
340 1529 410 1563 sine
434 1530 501 1562 fine
526 1528 640 1573 spatiis
664 1542 726 1574 per
749 1528 912 1561 immensa
938 1539 970 1562 et
995 1531 1126 1565 diversa
1148 1547 1221 1567 sac-

84 1591 158 1624 cula
188 1591 352 1635 possibile
388 1600 454 1631 est,
493 1592 576 1636 ut2)
607 1591 662 1623 vel
693 1604 711 1624 a
741 1604 874 1624 summo
905 1593 998 1624 bono
1030 1594 1072 1626 ad
1104 1593 1220 1629 infima

79 1652 171 1685 ⁴mala
195 1653 385 1693 descendat,
408 1653 464 1686 vel
487 1654 529 1685 ab
552 1652 681 1686 ultimis
705 1653 802 1686 malis
834 1654 876 1686 ad
899 1667 1030 1687 summa
1053 1656 1143 1689 bona
1168 1671 1220 1690 ra-

82 1723 263 1759 peretur:«
291 1724 324 1747 et
347 1727 421 1759 cap.
444 1714 477 1749 3.
502 1714 581 1747 libri
606 1714 757 1760 ejusdem
780 1728 872 1748 num.
897 1716 928 1750 5.
967 1716 1102 1752 »Liberi
1123 1732 1220 1752 nam-

84 1788 148 1819 que
173 1775 302 1809 arbitrii
326 1789 460 1821 semper
484 1786 532 1809 est
554 1776 676 1816 anima,
700 1776 801 1809 etiam
825 1790 902 1809 cum
926 1777 961 1810 in
978 1791 1123 1824 corpore
1140 1781 1219 1824 hoc,

84 1837 184 1870 etiam
216 1851 292 1871 cum
325 1848 416 1871 extra
448 1851 571 1882 corpus
604 1847 675 1880 est;
707 1847 740 1870 et
769 1839 906 1871 libertas
936 1840 1065 1874 arbitrii
1096 1843 1151 1875 vel
1175 1845 1218 1877 ad

82 1899 173 1931 bona
195 1901 386 1945 semper,³)
411 1901 465 1932 vel
489 1901 530 1932 ad
554 1901 642 1932 mala
667 1909 843 1942 movetur3
867 1914 929 1933 nec
952 1915 1099 1947 unquam
1112 1905 1217 1938 ratio-

82 1960 206 1993 nabilis
229 1974 359 2002 sensus,
384 1962 420 1995 id
444 1971 509 2006 est,
533 1975 628 1995 mens
652 1962 706 1995 vel
730 1961 859 2003 anima,
883 1962 954 1996 sine
978 1974 1076 1998 motu
1098 1966 1239 2012 aliquo,

178 2113 209 2155 ¹)
234 2112 340 2144 Deest
366 2112 520 2153 »gratia«
547 2112 581 2145 in
607 2114 682 2146 edd.
713 2113 756 2147 H.

175 2167 208 2212 ²)
233 2167 323 2202 Edd.
349 2167 483 2201 Huetii:
518 2179 580 2202 »ut
603 2183 620 2202 a
646 2184 777 2203 summo
804 2172 896 2204 bono
924 2172 965 2205 ad
989 2172 1102 2207 infima
1126 2174 1213 2208 mala

81 2213 270 2252 descendat,
295 2223 329 2245 ct
353 2213 393 2245 ab
417 2213 545 2246 ultimis
568 2215 692 2248 malis«
721 2226 782 2250 etc.

173 2270 208 2314 ³)
233 2269 337 2305 Deest
366 2283 549 2316 »semper«
576 2271 610 2303 in
635 2273 710 2306 edd.
735 2272 776 2306 H.
