1403 2492
361 76 676 109 Onxcssnisnonum
706 75 820 109 Lmen
845 76 889 109 11.
1144 79 1186 115 51

47 173 168 205 tatem,
204 177 288 209 quae
316 164 436 197 Adami
461 163 640 209 praecessit
665 164 808 207 lapsum,
835 173 867 197 et
892 178 978 211 quae
1004 178 1185 202 consecuta

46 236 105 265 est,
130 227 223 271 quod
247 227 288 259 ad
314 240 431 271 puram
455 225 638 270 respiceret
662 224 830 258 libertatis
854 235 1025 270 naturam,
1048 242 1119 262 non
1143 231 1185 264 ad

44 289 151 320 robur
174 288 277 332 ipsius
303 297 336 321 et
358 296 572 333 potestatem.

135 351 172 384 V.
218 350 267 382 Ex
293 350 353 382 hac
379 348 533 391 Origenis
557 349 722 382 sententia
746 349 788 381 de
811 348 1021 383 indifferenti
1035 350 1182 387 hominis

43 412 86 443 ad
110 412 237 444 bonum
263 411 316 444 vel
348 412 474 444 malum
510 410 739 455 propensione
776 419 894 455 aptum
930 411 1020 444 illud
1063 423 1113 447 est
1149 424 1182 448 et

45 486 271 518 consequens,
311 460 481 505 hominem
514 473 574 504 hac
608 471 811 505 instructum
841 472 1018 514 facultate,
1058 477 1182 517 gratiae
1224 520 1231 523 ,

43 535 148 567 modo
173 543 320 579 ponatur
343 534 524 573 auxilium,
560 532 672 578 pravis
698 533 940 578 cupiditatibus
964 548 1064 580 posse
1090 537 1181 570 obsi-

43 605 141 636 stere,
169 596 220 628 vel
244 608 380 640 parere,
405 606 438 628 et
462 595 623 627 virtutem
648 595 702 627 vel
726 608 908 640 respuere,
932 597 986 630 vel
1009 598 1182 643 amplecti.

47 657 217 690 »Evidens
241 657 342 699 igitur
365 656 452 688 ratio
479 665 573 697 est,«
611 656 720 701 inquit
751 657 828 690 libr.
854 658 914 690 ΙΙΙ.
939 661 1024 705 περὶ
1049 659 1183 707 ἀρχῶν,

44 732 115 764 cap.
141 719 172 752 2.
197 731 288 751 num.
314 717 364 758 2.,
398 719 503 762 »quia
534 717 622 750 sicut
645 718 680 751 in
705 718 849 764 bonis1)
874 721 975 753 rebus
998 720 1183 755 humanum

43 782 255 825 propositum
280 780 391 813 solum
418 792 479 824 per
503 793 536 811 se
562 779 673 824 ipsum
698 780 938 825 imperfectum
962 790 1012 815 est
1035 783 1077 816 ad
1103 796 1183 816 con-

40 842 301 875 summationem
324 841 424 881 boni,
450 840 621 886 adjutorio
649 855 795 887 namque
821 842 937 876 divino
964 844 1008 876 ad
1031 845 1182 888 perfecta

42 916 193 948 quaeque
225 903 439 948 perducitur:
471 900 517 935 ita
549 903 651 935 etiam
684 903 719 935 in
751 904 927 937 contrariis
962 904 1057 938 initia
1081 919 1182 950 quae-

40 966 127 1004 dam,
153 975 186 998 et
210 954 303 998 velut
328 966 491 1010 quaedam
517 965 644 998 semina
675 974 897 1010 peccatorum
922 967 964 999 ab
990 966 1041 999 his
1065 968 1178 1011 rebus,

40 1039 124 1071 quae
147 1025 182 1059 in
207 1040 269 1059 usu
292 1027 489 1059 naturaliter
513 1027 688 1067 habentur,
712 1027 898 1072 accipimus
913 1043 951 1068 ,«
977 1037 1042 1062 etc.
1090 1029 1180 1062 Tum

39 1089 100 1121 sub
124 1089 226 1120 finem
251 1088 369 1133 capitis
392 1102 484 1121 num.
509 1089 540 1122 4.
592 1089 711 1121 »Nihil
731 1089 825 1122 aliud
838 1090 1025 1133 putandum
1052 1099 1102 1122 est
1125 1103 1181 1123 ac-

41 1149 151 1182 cidere
177 1150 274 1182 nobis
300 1164 338 1182 ex
362 1150 442 1194 ipsis
457 1176 465 1189 ,
492 1163 577 1194 quae
602 1150 697 1182 cordi
721 1159 838 1182 nostro
862 1160 1093 1192 suggeruntur,
1116 1152 1180 1184 bo-

39 1211 89 1246 nis
115 1211 167 1242 vel
192 1210 299 1250 malis,
324 1211 388 1243 nisi
414 1212 682 1244 commotionem
707 1213 834 1251 solam,
868 1221 901 1244 et
923 1211 1179 1245 incitamentum

38 1273 276 1316 provocans2)
302 1285 363 1304 nos
389 1274 441 1304 vel
467 1274 507 1305 ad
532 1273 632 1313 bona,
658 1274 711 1306 vel
736 1274 778 1305 ad
801 1273 899 1306 mala.
935 1273 1105 1307 Possibile
1119 1287 1179 1307 au-

40 1343 108 1365 tem
133 1333 232 1365 nobis
260 1343 318 1374 est,
344 1334 468 1377 eum3)
492 1335 638 1376 maligna
662 1335 766 1367 virtus
789 1347 851 1367 nos
877 1335 1030 1378 coeperit
1053 1336 1096 1368 ad
1110 1349 1179 1369 ma-

39 1396 110 1427 lum
134 1394 273 1427 incitare
289 1421 296 1435 ‚
320 1394 466 1439 abjicere
491 1408 510 1427 a
533 1395 631 1428 nobis
655 1409 776 1440 pravas
799 1396 1046 1438 suggestiones,
1070 1405 1104 1429 et
1126 1410 1180 1430 re-

37 1456 152 1489 sistere
178 1456 388 1489 suasionibus
412 1456 586 1501 pessimis,
601 1457 633 1501 4)
673 1462 707 1491 ct
729 1457 815 1490 nihil
838 1471 977 1502 prorsus
1001 1458 1181 1503 culpabili-

38 1527 91 1550 ter
115 1531 239 1560 gerere.
286 1517 331 1550 Et
354 1531 488 1551 rursum
513 1519 677 1564 possibile
703 1528 771 1559 est,
802 1528 841 1552 ut
873 1533 950 1552 cum
977 1532 1041 1553 nos
1065 1520 1180 1554 divina

37 1579 141 1612 virtus
166 1580 207 1612 ad
232 1579 376 1612 meliora
400 1580 656 1624 provocaverit,
688 1593 759 1614 non
782 1594 981 1626 sequamur,
1005 1581 1104 1615 liberi
1128 1595 1179 1616 ar·

34 1640 129 1673 bin-ii
159 1651 328 1686 potestate
360 1642 392 1674 in
433 1643 620 1687 ut1·aque⁵)
660 1642 758 1675 nobis
789 1652 927 1677 servata.
941 1656 958 1671 (ι
1015 1643 1055 1676 In
1093 1645 1179 1677 haec

36 1702 156 1735 acriter
187 1702 327 1744 insurgit
360 1704 506 1747 Iprensis
538 1703 675 1736 antistes
707 1704 782 1737 libr.
809 1705 852 1737 H.
884 1705 926 1737 (le
948 1704 1062 1746 Pelag.
1086 1705 1178 1738 haer.

37 1776 110 1808 cap.
135 1764 178 1804 4.,
204 1774 236 1797 et
261 1764 338 1797 libr.
364 1765 422 1797 IV.
449 1778 521 1809 cap.
548 1766 590 1804 7.,
615 1774 648 1797 et
672 1766 747 1798 libr.
764 1767 822 1801 Vl.
848 1780 920 1811 cap.
944 1767 989 1807 4.,
1012 1767 1072 1800 ubi
1096 1779 1177 1811 que-

36 1824 120 1857 ritur
143 1825 311 1858 censuisse
329 1826 525 1868 Origenem‚
555 1827 686 1859 »animi
710 1826 860 1860 motibus
883 1827 927 1860 ad
952 1828 1087 1873 bonum?
1105 1839 1177 1860 ma-

38 1887 149 1918 lumve
173 1899 235 1920 nos
261 1887 507 1921 concitantibus
532 1898 616 1921 nutu
640 1888 779 1922 rationis
799 1901 862 1922 nos
875 1888 1053 1928 adversari,
1076 1897 1175 1932 atque

130 2032 161 2077 ¹)
187 2031 294 2065 Deest
318 2033 471 2065 »bonis«
500 2034 532 2066 in
558 2035 634 2066 cdd.
660 2035 702 2066 H.

127 2088 160 2132 2)
186 2087 273 2120 Edd.
295 2087 436 2120 Huetii:
468 2103 707 2134 »provocans«
735 2103 797 2122 nos
816 2091 855 2121 ad
876 2091 963 2121 bona
983 2090 1033 2121 vel
1054 2089 1170 2123 mala«

126 2143 160 2189 ³)
186 2145 273 2177 Edd.
299 2144 434 2176 Huetii:
465 2159 567 2178 »cum
590 2147 623 2178 in
641 2146 757 2191 aliquo
781 2146 884 2178 virtus
906 2159 967 2178 nos
993 2146 1171 2189 coeperit«

126 2200 160 2243 4)
186 2200 291 2232 Deest
320 2201 528 2244 »pessimis«
555 2203 588 2234 in
615 2204 690 2235 edd.
717 2203 758 2235 H.

126 2255 158 2299 ¹⁸)
184 2256 271 2288 Edd.
298 2256 432 2289 Huetii:
464 2267 672 2302 »utroque«
