1403 2492
185 79 255 117 260
521 80 636 114 Pss‘rm
660 80 834 114 Dmmus
861 81 991 115 numu

171 171 324 211 dliosus,
355 170 403 203 sic
428 180 540 203 tamen
563 171 680 204 scribit
705 171 780 204 libr.
807 171 846 204 V.
873 183 948 216 cap.
972 172 1025 207 21.
1066 171 1184 212 “oum
1208 173 1325 220 (Ὠρι-

189 233 314 278 γένης)
338 231 456 278 σοᾳός
480 228 524 275 ἧν
549 231 792 277 διδάσκαλος,
819 235 882 267 καὶ
908 232 1067 268 κατιδὼν
1091 232 1141 268 ὅτι
1168 234 1208 269 τὸ
1233 235 1326 270 ἀδύ-

192 306 304 329 νατον
334 296 399 329 τοῦ
433 292 550 340 νόμου
573 297 764 333 Μωίἱσέως
799 294 951 330 ἀσθενεῖ
981 294 1073 340 πρὸς
1100 293 1140 330 τὰ
1170 294 1326 342 γράμμα

191 355 444 400 ἀποδοθῆναι,
477 355 541 390 τὸν
570 358 654 402 περὶ
685 358 748 391 τοῦ
779 355 914 402 Πάσχα
946 356 1058 402 λόγον
1089 358 1139 398 εἰς
1168 362 1328 404 θεωρίαν

191 416 380 463 ἀνήγαγεν
402 417 443 453 ἓν
466 416 598 464 Πάσχα
622 417 742 462 μόνον
764 417 943 462 ἀληθινὸν
960 420 1181 465 γεγενῆσθαι
1197 422 1326 466 λέγων,

191 477 283 526 ὅπερ
308 479 327 514 ὀ
352 479 472 526 σωτὴρ
496 480 706 516 ἐπετέλεσεν
730 479 928 527 ἐνεργήσας
952 479 1050 532 nazcir
1069 483 1142 516 τῶν
1169 482 1326 518 ἀντικει-

189 545 314 589 μένων
336 540 533 587 δυνάμεων
546 542 609 578 διὰ
634 544 698 577 τοῦ
719 544 990 588 προσομιλῆσαι
1010 545 1059 589 τῷ
1075 546 1229 590 σταυρῷ,
1242 558 1328 590 τρο-

189 606 288 649 παίῳ
311 602 426 650 τούτῳ
450 603 541 639 κατὰ
577 606 640 640 τοῦ
673 602 848 648 διαβόλου
870 603 1111 652 χρησάμενος.
1159 605 1256 650 Quae
1280 607 1328 639 sic

189 666 430 710 interpretatur
452 666 664 712 Epiphanius
688 665 936 700 scholasticus:
972 665 1064 710 »Qui
1096 679 1173 700 curn
1197 667 1327 713 sapiens

190 737 275 761 esset
299 727 474 770 magister,
500 738 533 761 et
559 727 807 767 consideraret,
847 728 940 772 quod
972 727 1227 773 impossibilitas
1252 731 1329 764 Μο-

189 789 295 824 saicae
321 789 402 832 legis
425 790 467 822 ad
494 789 626 823 literam
653 799 739 823 esset
761 789 905 830 infirma,
929 789 1096 823 rationem
1115 791 1262 824 Paschae
1286 792 1327 824 ad

189 852 332 885 modum
372 852 671 897 contemplationis
714 846 841 892 evexit,
890 864 995 884 uuum
1034 852 1160 887 Pascha
1198 853 1326 886 solum-

189 914 295 947 modo
323 926 438 946 verum
464 914 537 946 heri
562 914 687 955 dicens,
713 914 806 959 quod
821 914 977 947 Salvator
1003 914 1186 947 celebravit
1209 915 1327 948 adver.

189 989 244 1010 sus
268 975 452 1009 contrarias
476 985 680 1020 potestates,
712 977 793 1009 dum
820 989 954 1008 crucem
979 976 1181 1021 susciperet,
1205 987 1237 1010 et
1263 978 1327 1011 hoc

188 1038 355 1083 trophaeo
385 1046 539 1071 uteretur
570 1047 686 1070 contra
722 1038 908 1071 diabolum.
963 1038 1033 1072 Sed
1066 1038 1225 1083 quoniam
1249 1039 1327 1072 huic

189 1109 389 1143 argumento
414 1110 523 1132 totum
551 1099 674 1131 librum
699 1099 756 1133 lv.
789 1102 874 1147 περὶ
898 1099 1022 1145 ἀρχῶν
1052 1113 1070 1133 a
1101 1113 1192 1134 num.
1215 1100 1247 1136 8.
1273 1115 1326 1134 us-

189 1174 255 1207 que
280 1162 322 1195 ad
346 1174 440 1194 num.
454 1161 507 1195 28.
535 1160 756 1203 consecravit,
781 1174 947 1194 summam
965 1161 1082 1205 capitis
1100 1161 1208 1204 hujus,
1232 1165 1325 1208 quod

188 1224 222 1258 in
245 1222 436 1257 Philocalia
461 1222 591 1255 Graece
623 1222 788 1267 scriptum
813 1224 972 1263 habetur,
1002 1224 1068 1256 huc
1093 1225 1220 1257 referre
1245 1238 1327 1270 ope-

186 1298 244 1320 rae
274 1284 423 1330 pretium
453 1274 527 1317 esse*
555 1285 655 1318 duco.
711 1285 864 1318 Primum
899 1284 1000 1327 igitur
1038 1287 1080 1319 ad
1109 1287 1324 1330 allegoricam

186 1347 384 1392 scripturae
410 1346 729 1391 interpretationem
754 1347 1007 1387 adstruendam,
1029 1348 1240 1382 Judaeorum
1264 1349 1327 1382 im-

186 1408 345 1454 peritiam
373 1408 520 1450 castigat,
549 1408 670 1452 quibus
695 1422 762 1453 quo
781 1409 892 1442 minus
910 1409 1081 1443 Christum
1105 1410 1324 1456 susciperent,

187 1469 435 1515 impedimento
454 1469 549 1501 suere
563 1469 695 1502 diversa
711 1471 907 1514 Scripturae
923 1471 1090 1510 vaticinia,
1109 1485 1192 1516 quae
1210 1485 1326 1516 quam-

186 1532 236 1566 vis
262 1530 444 1573 allegorice
469 1531 512 1562 ad
537 1530 707 1565 Christum
722 1532 944 1576 pertinerent,
970 1533 1087 1565 cadem
1105 1543 1217 1566 tamen
1235 1533 1323 1579 juxta

186 1595 321 1628 literam
345 1592 560 1637 accipienteS,
585 1592 618 1625 in
642 1594 723 1640 ,Iesu
748 1594 888 1627 minime
914 1596 1083 1639 completa
1109 1605 1321 1640 putaverunt.

184 1655 293 1690 Addit
318 1655 466 1688 eundem
489 1654 685 1699 Scripturae
710 1655 982 1700 interpretandae
1007 1658 1148 1690 modum
1174 1659 1323 1691 Valenti-

183 1718 320 1758 nianos,
352 1715 606 1757 marcionistas,
638 1717 790 1761 aliosque
818 1717 1016 1751 Haereticos
1051 1720 1255 1764 compulisse
1285 1731 1321 1753 ut

183 1779 358 1824 geminum
380 1777 600 1816 admitterent
626 1778 751 1819 Deum,
776 1767 900 1825 justum
925 1780 1071 1813 alterum
1095 1781 1213 1814 mundi
1237 1782 1323 1827 Opi-

182 1843 299 1882 ficem,
337 1842 469 1873 bonum
501 1840 645 1873 alterum
677 1841 801 1875 Christi
831 1842 987 1884 Patrem;
1022 1856 1085 1875 nec
1114 1857 1183 1877 non
1215 1854 1248 1878 et
1282 1858 1320 1878 ex

183 1903 394 1940 Orthodoxis
419 1903 597 1948 quosdam,
621 1912 659 1936 ut
684 1904 773 1936 male
799 1904 840 1936 de
859 1904 1020 1937 Creatore
1044 1906 1220 1940 sentirent.
1256 1907 1321 1939 Fa-

181 1966 322 2000 tendum
345 1964 483 2009 insuper
507 1964 563 2005 ait,
588 1965 695 1998 multa
720 1964 859 2010 quidem
885 1967 1045 2013 mystica,
1075 1977 1108 2001 et
1132 1968 1245 2010 figuris
1269 1969 1319 2001 in-

181 2027 299 2060 voluta
321 2026 357 2059 in
381 2025 566 2070 Scripturis
591 2026 775 2069 contineri;
808 2040 892 2072 quae
920 2037 1031 2061 tamen
1059 2029 1129 2070 illa,
1151 2039 1186 2063 et
1209 2030 1319 2076 eujus-

178 2088 275 2122 modi
298 2088 365 2121 sint
387 2087 551 2130 ignorari:
582 2096 654 2120 tum
686 2089 852 2121 nonnulla
883 2099 1053 2131 recenset,
1086 2104 1170 2136 quae
1195 2103 1317 2138 myste-

177 2150 235 2184 riis
257 2159 387 2182 scatere
410 2149 456 2182 ita
481 2150 671 2190 contendit,
695 2159 733 2182 ut
759 2149 874 2183 literae
891 2164 1024 2184 sensum
1042 2153 1236 2198 neutiquam
1261 2168 1315 2187 re-

173 2211 316 2258 pudiare
340 2210 527 2243 videantur.
573 2212 649 2243 Non
682 2211 929 2256 prophetarum
963 2223 1074 2246 autem
1108 2215 1221 2256 libris,
1253 2217 1311 2248 sed

172 2274 263 2309 Novi
286 2272 389 2307 etiam
412 2274 631 2307 Instrumemi
658 2274 888 2308 voluminibus
913 2276 1069 2310 occultos
1095 2287 1127 2310 et
1151 2280 1311 2312 recondi-
