1403 2492
346 70 658 100 OMGENJANORUM
694 64 804 97 LIBER
831 65 871 97 ii.
1108 64 1172 99 139

39 156 151 190 ctione
176 155 279 199 igitur
302 157 432 190 animae
458 153 668 199 circumponi
693 154 837 186 formam
870 153 982 193 illam,
1014 166 1078 198 qua
1108 154 1172 186 Pe-

37 226 108 251 trus
140 219 234 251 verbi
263 219 366 261 gratia
401 217 632 255 constituitur,
673 215 804 248 diversa
835 214 915 248 licet
947 214 1086 248 materia
1117 215 1171 255 sit,

37 292 75 313 ac
100 281 270 313 diversum
303 294 442 325 corpus;
474 279 599 312 animas
630 277 758 322 quippe
789 276 888 309 variis
918 291 981 322 pro
1013 278 1169 310 locorum

39 343 199 375 varietate
223 343 273 375 uti
298 342 517 387 corporibus;
549 350 581 373 et
606 339 893 384 quemadmodum
919 339 1011 371 aliud
1035 352 1169 372 necesse

37 403 129 436 soret
153 404 265 437 subire
290 406 422 449 corpus,
447 404 474 436 si
498 403 532 436 in
557 401 651 447 aquis
677 400 795 435 victuri
821 414 978 441 essemus,
1002 401 1050 434 ita
1073 401 1172 434 nobis

38 465 139 498 vitam
164 466 285 499 acturis
309 466 344 499 in
367 466 483 505 coelo,
506 463 694 509 spiritualia
715 462 904 496 necessario
932 476 1077 508 corpora
1103 477 1172 496 esse

36 526 265 568 adsciscenda;
304 528 362 559 sed
393 536 522 559 mutato
556 526 636 558 licet
675 538 836 569 corpore,
879 526 1019 558 eandem
1058 535 1169 558 tamen

36 588 230 633 neutiquam
255 588 454 621 exstinctum
478 588 519 620 iri
543 587 690 632 speciem
716 600 753 620 ac
770 588 926 627 formam,
952 588 1172 632 quemadmo-

37 650 118 683 dum
140 651 253 692 Jesus‚
285 651 414 690 Moses,
447 663 483 682 ac
508 650 600 683 Elias
631 651 665 682 in
698 649 995 682 transformatione
1020 662 1092 682 sese
1118 663 1171 682 ea·

36 712 114 744 dem
138 713 366 753 agnoscendos
389 712 502 756 specie
526 713 766 756 praebuerunt.
813 712 977 755 Explanat
1000 711 1034 744 id
1060 713 1169 756 ipsum

35 774 178 806 subinde
202 774 397 807 Methodius
421 787 490 818 cap.
517 773 582 814 38„
607 786 645 805 ac
670 786 743 805 eam
766 772 902 817 quoque
925 773 1078 814 Origenis
1104 773 1170 806 dis-

36 835 253 868 sertationem
278 835 311 867 in
338 835 542 879 Apologiam
567 848 660 867 suam
692 835 889 879 Pamphilus
913 834 1055 871 infersit.
1103 835 1171 867 Eu-

35 897 174 931 stathius
210 897 438 930 Antiochenus
477 897 510 929 in
552 898 640 930 libro
678 898 720 930 de
761 897 1022 943 engastrimytho
1060 906 1173 930 narrat

37 958 220 1001 origenem
254 960 342 991 male
378 960 419 991 de
462 960 707 992 resurrectione
746 959 944 992 sentientem
984 960 1117 992 abunde
1154 973 1171 992 a

35 1020 216 1053 Methodio
241 1021 341 1054 fuisse
367 1022 597 1062 confutatum,
620 1023 659 1053 ab
692 1034 800 1066 eoque
824 1030 939 1065 aperte
965 1022 1170 1054 demonstra-

36 1090 108 1114 tum
132 1095 243 1114 ansam
267 1083 345 1115 inde
370 1083 554 1115 Haereticis
586 1083 791 1128 praebitam,
823 1096 881 1115 cur
910 1083 1024 1127 specie
1047 1083 1170 1123 solum,

38 1156 106 1176 non
131 1156 274 1188 corpore
305 1144 380 1188 ipso
413 1144 566 1177 homines
600 1145 682 1176 olim
715 1145 790 1177 fore
820 1144 1029 1178 suscitandos
1054 1145 1170 1190 opina«

38 1214 163 1238 rentur.
218 1206 386 1238 Notabilis
418 1219 498 1238 vero
531 1216 580 1238 est
610 1208 747 1240 Nicetae
778 1208 972 1240 Acominati
1002 1212 1170 1246 accusatio

42 1267 100 1302 lib.
126 1269 184 1305 IV,
210 1269 308 1302 Thes.
334 1267 468 1300 orthod.
494 1268 551 1302 fid.
577 1269 712 1303 Haeres.
737 1269 802 1310 31,
832 1284 896 1314 qua
920 1270 1075 1313 Origenis
1098 1287 1173 1306 sen—

38 1330 177 1363 tentiam
202 1330 251 1363 his
276 1329 415 1373 exponit
440 1330 564 1367 verbis.
596 1330 685 1376 juxta
717 1331 811 1364 Petri
841 1332 982 1365 Morelli
1007 1333 1172 1379 interpre-

37 1391 216 1424 tationem:
255 1391 417 1435 »Corpus
449 1392 530 1429 hoc,
563 1405 629 1436 quo
661 1392 886 1432 involvimur,
918 1397 1172 1429 resurrectionis

37 1452 128 1485 illius
153 1453 207 1485 die
231 1466 300 1485 non
324 1462 491 1494 resurget,
519 1454 578 1486 sed
610 1454 752 1486 humana
786 1464 915 1488 tantum
946 1457 1075 1498 forma,
1107 1473 1172 1504 qua

38 1515 164 1548 Paulus
185 1516 294 1555 forte,
324 1515 378 1547 vel
402 1515 522 1547 Petrus
555 1515 782 1558 dignoscitur;
813 1527 912 1562 atque
937 1519 1022 1551 adeo
1048 1522 1170 1554 extrin-

37 1589 112 1609 seca
135 1576 193 1609 illa
216 1577 320 1618 figura
352 1587 519 1619 resurget,
558 1591 643 1623 quae
674 1579 737 1611 sub
770 1580 879 1612 forma
911 1593 1048 1626 quoque
1080 1597 1173 1616 com-

38 1630 266 1682 prehenditur.
314 1639 423 1671 Porro
447 1640 636 1684 subjectum
662 1640 783 1685 ipsum,
808 1641 877 1673 sive
903 1655 1044 1687 corpus,
1069 1645 1174 1678 haud-

40 1713 206 1744 quaquam
229 1700 319 1732 idem
344 1702 510 1733 manebit:
540 1702 781 1734 »nSeminatur
797 1704 825 1746 ⁴)
852 1703 939 1736 enim
965 1718 1088 1749 corpus
1102 1706 1173 1739 ani—

41 1762 189 1801 male,««
220 1761 332 1806 inquit
355 1763 554 1806 Apostolus,
582 1776 753 1807 »ncorpus
776 1765 950 1808 spirituale
975 1768 1170 1808 resurgit.««

42 1821 262 1868 Quapropter
284 1836 418 1856 necesse
444 1834 501 1863 est,
526 1833 563 1856 ut
587 1826 867 1858 resurrectionem
900 1826 933 1858 in
966 1828 1037 1859 sola
1062 1829 1173 1863 forma

41 1884 189 1917 suturam
212 1898 403 1930 speremus;
434 1886 467 1918 in
500 1886 653 1933 subjecto
685 1900 765 1920 vero
802 1901 871 1920 nen
900 1888 1019 1922 item.«
1068 1891 1175 1924 Addit

43 1945 168 1979 deinde
191 1946 335 1986 Nicetas,
358 1947 556 1980 sententiam
588 1962 684 1981 suam
713 1950 755 1982 de
787 1952 1033 1984 resurrectione
1057 1966 1074 1986 a
1097 1953 1174 1987 Pla-

44 2007 165 2040 tonicis
196 2007 377 2050 origenem
408 2011 594 2055 accepisse3
636 2012 769 2044 tradere
801 2022 912 2045 autem
943 2013 1022 2046 illos
1049 2016 1173 2060 duplex

42 2068 127 2102 idoli
152 2081 254 2111 genus
277 2069 404 2102 animae
428 2071 610 2116 unicuique
634 2073 831 2106 adhaerere:
849 2075 948 2108 »aliud
973 2077 1013 2109 ab
1037 2086 1173 2110 aeterno

44 2130 74 2163 ei
97 2131 274 2171 adnexum,
299 2130 514 2175 splendidum
540 2143 571 2165 et
596 2133 730 2177 lucens;
753 2135 896 2168 alterum
923 2137 1071 2178 crassius,
1097 2139 1175 2183 ipsi·

139 2259 170 2302 ¹)
196 2258 263 2292 Csr.
292 2259 303 2290 l
330 2258 409 2292 Cor.
440 2261 511 2298 XV,
538 2260 590 2295 4-1.
