1403 2492
394 70 704 104 Omssmmonum
728 70 843 103 Lmssn
868 70 911 103 ΙΙ.
1135 70 1199 107 231

73 157 127 190 bri
151 157 193 191 ll.
218 158 260 191 de
284 158 432 205 Princip.
455 173 547 193 num.
571 160 604 194 2.
651 175 669 192 n
679 159 746 192 Pro
772 159 918 192 motibus
941 158 1009 192 suis
1031 172 1198 204 unaquae-

74 231 139 262 que
163 232 257 253 mens
281 221 334 253 vel
353 222 384 266 ¹)
408 221 562 266 amplius,
587 222 640 254 vel
664 221 795 266 parcius
810 222 937 253 bonum
960 220 1139 262 negligens,
1163 219 1197 252 in

74 281 278 314 contrarium
302 283 394 325 boni,
419 283 510 327 quod
533 282 604 315 sine
628 282 732 315 dubio
757 282 883 314 malum
908 291 973 322 est,
996 281 1198 315 trahebatur.

71 341 121 374 Ex
145 354 213 387 quo
248 342 381 376 videtur
408 342 534 376 semina
565 345 728 387 quaedam
759 352 792 376 et
822 356 934 376 causas
964 342 1130 375 varietatis
1160 354 1198 374 ae

73 403 274 437 diversitatis
297 403 356 437 ille
381 404 530 437 omnium
555 405 712 438 conditor
734 405 920 449 accepisse3
944 414 981 437 ut
1004 418 1066 449 pro
1089 404 1198 437 diver·

72 463 170 497 sitate
193 465 375 508 mentium,
399 465 434 499 id
459 476 525 506 est,
547 466 797 500 rationabilium
823 475 1066 506 creaturarum,
1097 478 1197 510 quam

72 524 298 558 diversitatem
323 539 361 560 ex
385 539 423 560 ea
448 540 568 567 caussa,
593 541 692 572 qnam
716 527 869 573 superius
894 527 1053 567 diximus,
1079 536 1198 571 putan-

72 586 133 618 dae
157 595 233 619 sunt
256 587 468 632 concepisse,
500 588 628 622 varium
653 603 691 623 ac
719 589 889 622 diversum
919 590 1082 621 mundum
1107 601 1198 621 crea-

68 656 157 679 ret«
205 647 323 692 Capite
356 661 436 681 vero
469 650 590 682 eodem
619 664 711 684 nui-n.
735 651 766 685 6.
801 664 872 683 rem
904 650 1002 683 altius
1031 659 1198 694 repetens,

67 707 181 740 Deum
204 709 250 741 ait
280 710 322 742 ab
346 709 444 743 initio
472 724 548 744 cum
571 712 709 746 rationis
733 722 909 757 compotes
925 720 1057 744 naturas
1087 722 1198 743 creare

69 769 183 809 vellet,
206 770 333 803 nullam
364 771 517 805 habuisse
550 774 684 806 creandi
716 774 850 806 illarum
883 786 1030 806 caussam
1065 781 1198 817 praeter

68 842 104 862 se
127 830 249 874 ipsum,
271 845 433 878 suamque
455 834 660 868 bonitatem:
685 836 719 868 in
744 848 785 867 eo
808 845 919 868 autem
946 848 1022 867 cum
1040 834 1132 866 nulla
1154 832 1197 865 sit

69 891 260 933 diversitas,
283 907 393 939 neque
419 908 456 927 ex
480 905 574 940 parte
606 909 718 928 rerum
753 897 969 929 creandarum
1000 896 1070 928 ulla
1102 904 1196 934 esset,

68 955 223 998 aequales
256 968 328 995 eas,
365 965 398 988 et
429 957 651 1002 undequaque
682 957 810 990 similes
844 958 955 1002 ipsum
985 968 1196 1002 procreasse:

68 1016 126 1049 has
150 1029 251 1057 vero,
280 1026 400 1061 utpote
432 1017 541 1050 libero
574 1019 740 1063 praeditas
775 1019 935 1060 arbitrio,
971 1031 1039 1051 non
1074 1018 1195 1050 eodem

68 1078 174 1110 modo
200 1091 316 1111 omnes
339 1079 400 1112 hae
424 1093 498 1112 usas
530 1093 598 1112 esse
629 1081 806 1122 facultate,
844 1081 916 1113 aliis
951 1081 985 1112 in
1017 1079 1134 1112 vitium
1160 1090 1197 1110 ac

68 1137 254 1183 nequitiam
277 1141 462 1181 ruentibus,
486 1141 559 1173 aliis
583 1143 624 1174 ad
649 1142 791 1174 meliora
810 1141 1074 1183 assurgentibus;
1098 1150 1196 1184 atque

68 1199 147 1232 inde
170 1200 385 1234 rationalium
410 1211 601 1234 naturarum
626 1203 787 1236 exstitisse
811 1203 1053 1235 differentiam:
1081 1201 1195 1235 Deum

68 1271 182 1295 autem
206 1275 475 1308 unamquamque
500 1277 563 1308 pro
587 1264 714 1298 meritis
740 1277 857 1297 ornare
873 1266 1043 1298 volentem
1068 1264 1122 1296 vel
1145 1263 1197 1294 ul-

68 1323 159 1365 cisci,
183 1325 389 1357 diversitates
413 1327 576 1358 mentium
606 1327 639 1359 in
669 1326 766 1358 unius
796 1326 913 1358 mundi
945 1324 1196 1358 consonantiam

69 1385 214 1426 traxisse,
236 1386 284 1419 sic
307 1396 465 1430 tanquam
489 1387 523 1419 in
546 1401 646 1420 unam
670 1383 830 1431 domum,
857 1401 940 1432 quae
965 1387 1050 1420 vasis
1077 1384 1196 1424 aureis,

67 1448 239 1489 argenteis,
263 1458 296 1481 et
319 1448 478 1481 fictilibus
502 1448 687 1482 instruitur.
737 1449 800 1482 »Et
824 1450 880 1482 has
906 1462 1052 1488 caussa5‚
1077 1446 1196 1491 inquit,

69 1511 123 1554 (ut
147 1523 208 1552 ego
240 1510 419 1555 arbitror,)
450 1511 594 1543 mundus
626 1511 687 1543 iste
717 1524 796 1544 suae
827 1510 1026 1543 diversitatis
1055 1509 1196 1553 accepit,

69 1573 150 1604 dum
174 1585 449 1617 unumquemque
461 1573 493 1617 ²)
519 1572 677 1617 divina3)
710 1573 925 1618 providentia
950 1586 1012 1617 pro
1039 1571 1195 1604 varietate

68 1643 223 1666 motuum
248 1647 406 1674 suorum,
437 1635 491 1667 vel
515 1634 723 1674 animorum,
746 1634 1038 1680 proposhoque‘)
1064 1632 1198 1676 dispen-

67 1704 148 1729 sat.«
199 1694 368 1737 Quocirca
393 1696 505 1728 Tomo
529 1697 623 1730 XIX.
648 1697 681 1728 in
706 1697 826 1729 Joann.
851 1710 941 1729 num.
965 1697 996 1729 5.
1021 1704 1054 1727 et
1078 1707 1148 1738 cap.
1164 1694 1194 1727 5.

70 1756 149 1789 libri
174 1756 232 1789 Ill.
257 1759 340 1801 περὶ
365 1756 487 1801 ἀρχῶν
511 1771 601 1790 num.
626 1758 658 1791 5.
683 1758 838 1790 observat
859 1757 1063 1789 creationem
1078 1753 1196 1787 mundi

71 1818 161 1863 apud
186 1817 376 1862 Scriptores
400 1831 510 1851 sacros
541 1832 631 1851 novo
666 1820 730 1851 hoc
762 1829 797 1851 et
826 1818 967 1864 proprio
998 1818 1198 1860 καταβολῆς

72 1879 208 1912 nomine
231 1880 433 1924 nuncupari:
459 1881 536 1925 quia
561 1880 722 1913 nimirum
749 1881 810 1913 »de
826 1879 1058 1925 superioribus
1081 1878 1122 1910 ad
1147 1877 1196 1909 in-

170 2086 201 2129 ¹)
225 2084 358 2117 Desunt
383 2085 414 2117 in
439 2086 514 2119 cdd.
540 2086 581 2119 H.
598 2088 715 2119 verba:
741 2088 795 2119 vel
810 2086 963 2131 amplius,
988 2085 1041 2118 vel
1054 2083 1195 2130 parcius.

167 2141 201 2183 ²)
226 2140 311 2172 Edd¹
336 2141 469 2174 Huetii:
495 2144 770 2188 unumquodque.

167 2198 200 2240 ³)
225 2196 355 2228 Desunt
380 2196 412 2228 in
438 2198 512 2231 edd.
538 2198 580 2231 H.
606 2201 721 2232 verba:
748 2199 858 2232 divina
884 2198 1106 2244 providentia.

173 2252 206 2295 ⁴)
232 2253 318 2286 Edd.
344 2253 475 2286 Huetii:
501 2256 735 2300 propositique
761 2258 853 2290 Deus
879 2258 1057 2301 dispensat.
