1403 2492
395 68 709 102 Oamssmmonum
734 67 846 100 Lmen
861 67 905 99 ΙΙ.
1179 67 1220 100 15

85 157 239 202 ἀμοιβῆς
261 158 344 201 ζτῶν
374 151 413 191 εὖ
443 156 516 191 κατ’
544 156 673 201 ἀρετὴν
701 155 977 201 βιοτευσάντων.
1032 156 1221 189 Damnatur

85 233 122 253 ea
147 232 283 265 quoque
315 219 348 252 in
373 219 519 261 Origene
545 232 562 251 a
586 218 717 265 synodo
749 217 934 262 quinisexta
960 217 1039 251 Can.
1066 218 1114 256 1..
1144 228 1176 250 et
1202 231 1220 250 a

83 281 281 327 Sophronio
307 280 617 326 Hierosolymitano
651 280 684 312 in
717 293 769 324 ep.
802 280 843 311 ad
875 279 1030 321 Sergium
1057 280 1220 313 Constan-

83 343 359 388 tinopolitanum,
384 344 425 375 ab
452 343 584 375 Isidoro
603 341 695 384 Orig.
723 341 780 373 lib.
806 341 898 373 Vlll.
925 355 995 386 cap.
1022 342 1063 382 5.,
1089 342 1220 375 Joanne

82 406 294 438 Damasceno
320 404 377 437 lib.
392 405 435 437 ΙΙ.
462 403 596 437 orthod.
622 404 678 436 fid.
698 416 770 448 cap.
786 402 850 442 12.‚
876 411 909 435 et
926 403 982 437 lib.
1001 405 1059 436 lV.
1087 417 1157 448 cap.
1176 403 1219 444 6.,

82 467 232 510 Georgio
246 466 404 512 Syncello
429 465 463 498 in
480 465 636 510 Excerpt.
657 465 856 506 chronogr„
874 464 1030 498 Cedreno
1048 466 1082 498 in
1097 466 1219 511 Comp.

83 529 192 569 Hist„
220 527 324 562 Suida
354 527 387 560 in
413 526 577 569 Origene,
607 526 726 560 Niceta
757 526 857 560 Thes.
889 527 1025 560 orthod.
1063 528 1121 561 fid.
1160 527 1218 560 lib.

82 591 140 625 lV.
163 590 298 624 naeres,
323 588 397 629 31.,
429 588 610 621 Vincentio
635 588 878 621 Bellovaccnse
904 589 1004 633 Spee.
1029 589 1136 622 doctr.
1162 589 1220 622 lib.

81 651 210 684 xvm.
234 663 305 695 cap.
331 650 404 693 43.,
428 651 626 695 Nicephoro
654 650 713 684 lib.
738 651 848 684 XVII.
876 663 946 696 cap.
971 650 1044 691 27.‚
1077 660 1110 684 et
1135 651 1220 684 Gui-

83 715 172 746 done
205 712 390 745 Carmelita
420 712 455 744 in
486 713 618 746 summ.
651 713 694 746 de
727 713 882 753 Haeres„
917 713 976 758 qui
1006 713 1121 746 multis
1147 725 1219 745 eam

81 774 219 808 refellit.

169 836 247 869 VII.
282 836 419 869 Platoni
455 849 561 881 porro
597 836 650 869 hic
682 849 817 882 quoque
849 837 1033 878 regendum
1065 849 1099 869 se
1131 837 1220 868 Ada-

82 898 226 932 mantius
249 898 416 943 praebuit.
471 899 534 932 Ille
559 908 670 931 autem
700 898 733 930 in
759 899 958 938 Phaedone,
991 908 1024 931 et
1048 897 1220 943 Epinomi,

82 969 115 994 et
139 960 215 993 libr.
242 960 295 994 10.
320 961 503 1002 dez-legib„
535 970 567 993 et
599 960 632 993 in
658 960 820 1000 Timaeo,
851 960 992 1005 aliisque
1017 959 1120 999 loeis,
1160 960 1221 992 do-

82 1021 222 1055 ctrinam
254 1022 337 1054 hanc
372 1022 597 1055 disertissimis
631 1022 774 1067 explicat
808 1022 933 1061 verbis,
973 1035 1072 1066 quam
1104 1035 1221 1063 magna

80 1084 221 1117 subinde
246 1084 408 1116 Veterum
432 1098 507 1129 pars
533 1084 684 1129 arripuit.
741 1085 811 1117 Nec
837 1084 933 1130 liujus
957 1097 1034 1116 sane
1059 1084 1124 1116 fuit
1147 1083 1219 1128 ipse

81 1145 264 1178 sententiae
295 1146 515 1187 architectus;
551 1159 624 1178 earn
665 1146 790 1190 quippe
827 1146 935 1178 multo
967 1146 1060 1190 prius
1091 1159 1221 1190 propu-

81 1215 260 1248 gnaverant
292 1207 494 1253 Pythagoras
527 1217 559 1240 et
589 1207 830 1251 Empedocles.
882 1205 933 1240 ”H
962 1206 1219 1253 εὐλογώτερον,

82 1267 193 1312 inquit
224 1267 387 1310 Origenes
420 1269 477 1302 lib.
505 1269 533 1303 1.
568 1277 675 1302 contr.
709 1268 795 1301 Cels.
832 1281 924 1300 num.
956 1269 1029 1310 32,
1066 1267 1221 1313 ἑκάστην

85 1328 209 1374 ψυχὴν
232 1328 323 1363 κατά
348 1343 446 1369 τινας
468 1327 696 1377 ἀπορρήῑους
712 1328 857 1374 λόγους,
879 1349 920 1355 -
937 1333 1031 1375 λέγω
1051 1333 1090 1366 δὲ
1107 1333 1220 1365 ταῦτα

83 1393 151 1425 νῦν
174 1389 264 1424 κατὰ
291 1389 537 1436 Πυθαγόραν,
564 1393 625 1425 καὶ
650 1389 848 1434 Πλάτωνα,
876 1394 937 1426 καὶ
959 1392 1219 1438 Ἐμπεδοκλέα,

83 1450 145 1492 οὓς
172 1451 348 1491 πολλάκις
371 1451 564 1497 ὠνόμασεν
589 1452 606 1487 ὀ
631 1455 1119 1500 Κέλσος,-εἰσκρινομένην
1144 1453 1219 1489 σώ-

82 1529 182 1558 ματι,
209 1514 282 1548 κατ’
311 1515 418 1554 ἀξίαν
434 1517 676 1560 εἰσκριίἐσθαι
704 1518 763 1549 καὶ
782 1514 871 1549 κατὰ
890 1516 932 1549 τὰ
951 1514 1108 1563 πρότερα
1126 1514 1216 1559 tylia,-

81 1585 114 1609 et
138 1576 366 1622 Hieronymus
398 1576 493 1620 epist.
519 1576 590 1616 82,
635 1590 719 1622 quae
753 1586 800 1610 est
835 1578 877 1610 ad
909 1578 1149 1611 Marcellinum
1185 1588 1218 1612 et

83 1638 342 1684 Anapsychiam:
371 1639 503 1683 »Super
526 1639 657 1672 animae
681 1648 767 1672 statu
793 1639 931 1672 memini
963 1650 1091 1673 vestrae
1116 1653 1217 1685 quae-

79 1700 284 1741 stiunculae,
314 1702 384 1734 imo
410 1700 553 1733 maxime
578 1701 822 1734 ecclesiasticae
847 1702 1067 1746 quaestionis:
1103 1712 1217 1735 utrum

80 1762 171 1807 lapsa
196 1763 238 1795 de
264 1763 362 1795 coelo
387 1762 446 1802 sit,
471 1772 508 1794 ut
533 1762 741 1807 Pythagoras
765 1755 1007 1808 philosophus,
1033 1777 1217 1809 omnesque

81 1823 266 1863 Platonici,
291 1833 323 1856 et
349 1823 511 1865 Origenes
536 1833 684 1868 putant«
736 1825 854 1858 Simile
880 1825 1080 1858 nanciscaris
1102 1826 1138 1857 in
1163 1838 1216 1870 ep.

81 1884 261 1918 Justim‘ani
299 1886 340 1918 ad
380 1885 531 1930 quintam
569 1886 766 1930 Synodum,
805 1896 837 1919 et
872 1887 963 1931 apud
993 1874 1147 1919 Nicetam
1182 1886 1216 1920 in

82 1945 256 1978 Thesauro
294 1948 433 1980 orthod.
464 1947 520 1980 fid.
554 1948 628 1980 libr.
654 1948 685 1982 4.
727 1949 826 1984 Ηλετ,
853 1949 909 1983 31.
968 1949 1039 1982 Sed
1074 1958 1107 1980 et
1139 1949 1214 1994 ipso

81 2007 269 2053 Pythagora
300 2009 471 2053 antiquior
503 2011 663 2055 Orpheus
694 2010 840 2043 animam
874 2010 907 2043 in
939 2022 1083 2054 corpore
1102 2010 1217 2054 puniri

83 2069 175 2103 dixit.
224 2069 382 2103 Testatur
409 2070 445 2103 id
470 2071 567 2104 Plato
600 2073 636 2105 in
661 2073 818 2119 Cratylo,
849 2072 909 2104 ubi
936 2081 968 2104 et
994 2071 1085 2104 vocis
1109 2075 1215 2118 σῶμα

83 2130 340 2173 originationem
365 2132 449 2175 petit
473 2146 491 2165 a
516 2136 625 2178 σῆμα.
674 2136 802 2167 Locum
828 2135 932 2167 refert
955 2134 1112 2167 Clemens
1138 2136 1216 2167 Ale-

80 2192 259 2225 xandrinus
291 2193 418 2226 Strom.
450 2193 523 2226 libr.
550 2195 600 2237 3.‚
636 2206 734 2241 atque
774 2197 855 2228 item
893 2196 1036 2228 alterum
1068 2196 1215 2229 Philolai

79 2254 309 2301 Pythagorici,
341 2256 396 2299 qui
423 2255 457 2288 id
482 2255 592 2300 ipsum
617 2271 655 2290 ex
681 2258 848 2291 veteribus
873 2257 1095 2291 Ethnicorum
1117 2259 1214 2293 theo·
