1403 2492
391 78 702 111 Omessmmonum
725 75 839 108 Lmen
853 73 896 107 Π.
1155 75 1198 110 1?

68 169 184 203 »Dicit
210 168 377 202 Dominus
404 168 584 201 extendens
608 165 758 205 coelum,
783 174 817 197 et
840 163 982 197 fundans
1004 171 1140 204 terram,
1163 174 1197 198 et

66 233 193 273 fingens
223 230 380 275 spiritum
411 228 554 261 hominis
584 227 618 260 in
651 239 736 260 coz«
777 226 870 271 quod
901 234 1094 258 commento
1119 225 1198 258 huie

68 292 275 335 Origcniano
301 304 319 324 a
342 289 513 323 nonnullis
538 288 736 334 oppositum
762 297 828 321 est:
860 296 1023 332 repugnat
1053 296 1087 320 et
1109 287 1198 321 illud

66 354 205 387 Joannis
229 353 288 393 IX,
313 352 345 387 3.
371 351 580 396 »Respondit
605 352 712 383 Iesus:
737 361 848 393 neque
873 348 928 381 hic
950 348 1113 393 peccavit,
1137 361 1197 382 ne-

67 428 132 460 que
162 424 316 460 parentes
349 413 439 459 ejus,
473 413 531 445 sed
568 421 607 445 ut
636 410 892 444 manifestentur
933 422 1037 455 opera
1065 409 1133 443 Dei
1164 410 1199 443 in

63 466 173 509 illm«
200 477 290 508 unde
314 473 427 519 mirari
450 473 539 506 subit
571 482 745 517 stuporem
770 471 941 513 Origenis,
972 470 1032 516 qui
1062 483 1200 516 praece-

68 539 148 570 dens
174 538 260 570 istud
295 548 442 569 comma:
477 534 626 574 »Rabbi‚
658 533 731 578 quis
757 532 933 578 peccavit?
954 531 1026 574 hic,
1058 542 1115 566 aut
1137 546 1198 578 pa-

66 609 177 632 rontes
202 598 288 644 ejus,
321 607 359 630 ut
391 610 507 629 caecus
537 594 779 629 nasceretur?«
811 594 845 627 in
869 594 921 627 sui
946 593 1059 627 delirii
1082 595 1199 627 defen-

66 661 195 693 sionem
229 658 419 703 usurpavit:
455 658 497 690 ad
535 658 745 690 voluntatem
783 656 911 701 quippe
946 655 1015 689 Dei
1051 669 1200 689 caussam

68 722 234 755 caecitatis
267 721 359 753 illius
390 721 538 752 reserens
563 719 734 759 Christus,
765 731 878 751 ansam
903 731 1039 751 omnem
1062 718 1200 751 abstulit

67 783 317 827 detorquendae
340 781 432 814 illius
456 782 498 813 ad
523 790 659 825 peccata
677 780 779 812 vitam
799 779 1045 824 praecedentia.
1092 782 1201 825 Aper—

65 843 131 876 tius
156 844 255 876 ctiam
279 852 443 888 repugnat
466 843 553 875 illud
576 843 676 875 Rom.
702 842 763 881 IX,
787 841 839 876 11.
865 850 899 874 et
921 854 1009 886 seq.,
1041 842 1134 886 quod
1157 842 1200 874 ad

66 906 291 938 subruendam
322 906 405 937 hanc
433 904 588 946 Origenis
619 903 851 948 opinationem
880 912 1021 947 usurpat
1043 903 1202 945 Augusti-

65 981 126 1000 nus
151 968 184 1001 in
209 981 262 1012 ep.
288 968 329 1000 ad
355 968 520 1011 Optatum
545 965 800 999 Miles-itanum:
828 964 936 999 »Cum
953 965 986 1009 ¹)
1010 964 1101 997 enim
1116 978 1202 997 non-

67 1030 146 1061 dum
171 1029 238 1061 nati
264 1029 414 1069 fuissent,
439 1038 496 1061 aut
519 1027 647 1072 aliquid
673 1027 755 1059 boni
781 1026 934 1068 egissent,
961 1035 1019 1059 aut
1041 1026 1134 1066 mali,
1159 1045 1200 1050 —

66 1101 103 1123 ut
126 1091 312 1123 secundum
338 1089 540 1123 electionem
564 1089 782 1133 propositum
797 1088 864 1121 Dei
890 1097 1053 1128 maneret,
1070 1108 1112 1113 -—
1129 1099 1198 1120 non

68 1165 106 1184 ex
131 1152 306 1196 operibus,
341 1152 398 1183 sed
425 1164 463 1183 ex
487 1160 629 1183 vocante
654 1150 784 1182 dictum
810 1159 860 1182 est
883 1149 931 1182 ei:
964 1148 1055 1192 Quia
1073 1149 1106 1194 ²)
1131 1162 1202 1181 ma-

69 1213 121 1258 jor
152 1214 275 1246 serviet
304 1212 446 1245 minori:
478 1212 566 1244 sicut
596 1211 761 1255 scriptum
799 1220 866 1244 est:
903 1211 1006 1243 Iacob
1025 1211 1059 1255 ³)
1089 1211 1203 1251 dilexi,

67 1275 156 1307 Esau
181 1284 291 1307 autem
324 1273 405 1306 odio
437 1272 548 1305 habui.
604 1272 699 1315 Quid
724 1285 803 1313 ergo
829 1271 1005 1304 dicemus?
1037 1273 1203 1317 numquid

68 1335 227 1380 iniquitas
253 1336 342 1380 apud
366 1334 505 1367 Deum?
552 1333 660 1366 Absit.
707 1332 800 1366 Mosi
823 1332 913 1364 enim
938 1331 1037 1365 dicit:
1062 1333 1204 1365 Misere-

67 1398 148 1436 bor,
168 1396 200 1441 4)
226 1395 318 1440 cujus
345 1395 554 1436 miscrebor;
581 1404 615 1426 et
637 1393 905 1427 misericordiam
928 1395 1124 1438 praestabo,
1149 1408 1205 1427 cu-

68 1458 118 1503 jus
141 1457 337 1490 miserebor.
384 1457 492 1498 Igitur
514 1469 585 1489 non
609 1455 774 1495 volentis,
798 1467 909 1500 neque
933 1456 1114 1496 currentis,
1144 1458 1203 1489 sed

67 1518 255 1551 miserentis
279 1527 328 1551 cst
351 1519 449 1552 Dei.«
493 1517 589 1561 Quae
614 1516 694 1549 licet
718 1515 874 1558 Origenis
898 1516 1027 1549 fabulas
1052 1518 1202 1550 funditus

68 1580 287 1621 labefactent3
312 1580 394 1612 haec
418 1589 529 1611 tamen
554 1579 625 1623 ipsa
650 1577 750 1611 Pauli
774 1579 877 1610 verba
901 1578 943 1611 ad
967 1591 1044 1611 suae
1070 1592 1202 1612 caussae

68 1641 300 1674 defensionem
335 1641 474 1674 adducit
504 1641 579 1674 libr,
604 1641 636 1675 2.
668 1641 752 1684 περὶ
783 1638 924 1685 ἀρχῶν,
964 1653 1034 1685 cap.
1060 1640 1109 1681 9.‚
1146 1642 1205 1674 sed

68 1703 165 1735 aliter
195 1702 333 1747 exponit
363 1716 401 1735 ac
433 1703 534 1744 vulgo
568 1701 693 1746 exponi
725 1701 846 1734 solent.
901 1700 1006 1744 Quod
1038 1702 1126 1734 enim
1159 1702 1206 1735 ait

67 1765 273 1808 Apostolus,
304 1773 484 1808 antequam
509 1763 590 1795 boni
616 1762 797 1807 quicquam
821 1762 875 1794 vel
899 1762 979 1794 mali
1004 1763 1164 1804 egissent,
1188 1777 1205 1796 a

68 1824 143 1856 Deo
168 1824 369 1865 destinatos,
399 1837 468 1857 non
502 1838 539 1856 ex
565 1824 725 1869 operibus
748 1823 907 1864 meritos,
937 1823 991 1857 hie
1026 1834 1064 1857 ut
1087 1824 1206 1866 dilige-

69 1894 179 1926 retur,
201 1885 259 1918 ille
287 1895 325 1918 ut
350 1886 431 1918 odio
456 1885 654 1925 haberetur,
677 1886 781 1918 refert
805 1885 864 1917 ille
888 1885 930 1917 ad
955 1898 1058 1929 opera
1082 1885 1116 1918 in
1139 1895 1206 1918 ter—

70 1946 114 1977 ris
145 1955 179 1978 et
209 1947 276 1979 vita
307 1947 368 1981 liae
399 1947 559 1987 admissa,
596 1959 680 1992 quae
711 1947 839 1979 nullam
863 1946 941 1978 Deo
973 1946 1203 1980 destinationis

167 2079 198 2122 ¹)
221 2080 320 2113 Rom.
345 2081 406 2121 IX,
431 2079 589 2115 11-16.

163 2135 198 2179 ²)
224 2135 294 2169 Cfr.
321 2135 406 2168 Gen.
430 2135 541 2174 XXV,
564 2133 618 2169 23.
645 2134 723 2167 coll.
747 2130 848 2168 Rom.
874 2129 934 2174 IX,
960 2133 1012 2168 12.

162 2191 198 2234 ³)
223 2191 294 2224 Cfr.
319 2191 463 2224 Malach.
489 2191 513 2230 l,
536 2190 568 2225 2.
593 2189 623 2225 3-
651 2191 729 2225 coll.
754 2191 853 2223 Rom.
879 2190 939 2230 lX,
965 2189 1018 2224 13.

162 2245 197 2290 ⁴)
222 2247 294 2280 Csr.
318 2247 424 2280 Exod.
447 2246 612 2285 XXXIII,
638 2246 690 2281 19.
713 2246 794 2280 coll.
818 2246 921 2279 Rom.
945 2244 1006 2286 IX,
1032 2245 1085 2281 15.

71 2313 249 2348 Oammus
269 2314 407 2349 OPERA.
432 2314 529 2348 Tom.
543 2312 674 2346 XXIII.
990 2311 1014 2346 2
