1403 2492
170 49 237 87 120
509 53 622 88 Pin-m
644 54 819 89 DAmnms
837 54 975 89 Hom-11

175 153 264 184 esse;
287 153 325 174 ac
348 140 492 187 proinde
517 144 544 177 si
570 145 669 178 detur
691 145 858 179 sideribus
879 145 986 179 inesse
1009 145 1155 188 angelos,
1178 144 1309 191 perspi·

176 215 278 236 cuum
302 203 376 236 sore
402 204 459 246 ait,
483 218 543 239 cur
563 207 685 241 dixerit
703 207 811 241 ,lubus
836 208 949 241 stellas
980 220 1050 240 non
1075 219 1146 240 esse
1169 207 1310 240 mundas

176 264 210 298 in
236 274 419 310 conspectu
442 267 519 302 Dei.
568 271 612 302 At
643 280 755 302 utrum
791 270 931 302 rationis
964 278 1140 314 compotes
1172 268 1309 314 spiritus

175 327 227 359 his
251 326 351 360 insint
375 327 497 362 lucidis
522 331 722 376 corporibus
745 332 874 365 nescire
906 345 940 365 se
971 332 1111 372 fatetur,
1146 339 1180 363 et
1215 339 1310 363 caute

177 388 402 431 indagandum
434 401 563 425 monet.
619 393 705 427 Utut
729 404 795 434 est,
835 407 873 427 ex
904 392 1081 436 Augustini
1110 391 1311 426 auctoritate

175 451 291 484 multis
315 451 512 497 opinionem
537 455 634 488 istam
656 456 815 499 ,Origenis
841 456 1014 501 impugnat
1026 454 1200 497 Remigius
1223 453 1313 487 Rhe-

175 513 299 547 mensis
323 514 357 547 in
382 516 482 550 Rom.
507 516 608 557 VIII,
639 517 693 552 20.
742 518 922 559 Consurgit
952 526 985 550 et
1024 518 1181 550 adversus
1217 515 1312 548 illam

175 575 383 610 Justinianus
408 577 441 610 in
468 591 520 623 ep.
546 579 587 611 ad
612 579 767 620 Menam,
799 589 833 612 et
855 574 973 612 Bn'fflii
997 578 1232 612 auctoritatem
1256 577 1315 610 ad-

175 637 300 680 sciscit,
326 640 383 684 qui
407 640 536 674 Homil.
562 641 624 674 III.
650 641 683 674 in
701 641 857 675 Hexaiim.
876 641 1058 684 Origenem
1078 639 1195 684 carpit,
1219 638 1313 684 quod

175 713 288 746 aquas,
313 714 397 746 quae
421 715 521 747 supra
546 712 579 735 et
603 703 688 736 infra
707 704 955 737 firmamentum
980 713 1067 743 sunt,
1091 701 1227 744 angelos
1244 710 1314 734 tro-

175 762 252 807 pice
273 763 459 805 significare
485 765 658 808 docuerit3
681 779 744 799 nec
767 766 895 800 idcirco
921 779 1019 799 sensu
1038 764 1230 810 praeditum
1244 762 1314 795 ani-

175 824 244 857 mal
267 825 518 859 firmamentum
543 840 613 859 esse
636 827 757 869 tradit,
788 829 880 875 quod
905 827 1047 870 gloriam
1073 826 1141 860 Dei
1173 834 1315 865 enarret,

176 885 329 932 alioquin
354 887 510 922 animalia
533 890 646 923 sutura
669 903 799 930 rorem,
835 899 868 923 et
891 890 1064 935 pruinam,
1091 897 1125 922 et
1148 889 1316 935 abyssum,

177 950 271 994 quod
301 949 342 983 iis
375 951 510 984 laudern
541 951 609 984 Dei
641 952 807 997 propheta
840 952 1067 986 commendet.
1122 951 1224 984 Sexto
1257 950 1316 982 dc-

176 1023 272 1044 mum
297 1025 335 1045 ex
359 1013 653 1047 Anathematismis
686 1014 764 1048 huic
787 1013 967 1047 Justiniani
1003 1013 1164 1059 epistolae
1194 1012 1318 1045 subne-

177 1072 226 1106 xis
260 1074 377 1107 eadem
406 1074 490 1108 haec
521 1076 676 1119 Origenis
705 1075 868 1109 sententia
899 1076 940 1108 de
971 1075 1135 1109 sideribus
1164 1073 1316 1107 animatis

178 1135 384 1170 confoditur.
432 1138 472 1171 In
496 1151 564 1182 quo
589 1150 668 1170 sane
691 1137 808 1178 miror,
834 1137 956 1182 ecquid
981 1137 1023 1170 de
1047 1136 1214 1171 sideribus
1237 1148 1318 1180 pec-

177 1207 252 1231 cato
279 1198 452 1240 obnoxiis,
484 1199 525 1232 de
557 1212 676 1233 eorum
701 1212 760 1244 spe
786 1208 820 1232 et
842 1200 956 1232 sutura
980 1199 1087 1232 salute
1109 1212 1152 1232 ne
1175 1198 1318 1231 verbum

179 1260 318 1306 quidem
351 1263 386 1295 in
417 1261 711 1308 Anatbematismis
741 1262 929 1307 imperator
965 1261 1026 1295 ille
1064 1260 1201 1302 feeem’t,
1238 1273 1316 1293 cum

180 1321 250 1369 ejus
274 1332 387 1357 tamen
411 1326 512 1358 verba
537 1324 609 1370 ipsa
641 1337 658 1357 e
695 1324 771 1357 libr.
798 1325 822 1357 I.
847 1324 932 1369 περὶ
956 1322 1080 1369 ἀρχῶν
1103 1336 1176 1368 cap.
1201 1322 1231 1357 7.
1257 1335 1316 1367 pe-

178 1383 240 1417 tita
263 1395 509 1430 repraesentet,
539 1386 658 1431 quibus
683 1385 792 1419 verbis
818 1395 851 1418 et
875 1385 984 1418 anima
1008 1385 1174 1418 sideribus
1196 1383 1317 1417 tribui-

179 1454 244 1487 tur,
270 1456 304 1480 et
327 1447 379 1480 sol
403 1447 576 1481 inducitur
600 1447 730 1481 dicens:
764 1457 932 1493 praestare
948 1447 979 1492 ¹)
1005 1446 1161 1486 dissolvi,
1188 1455 1221 1479 et
1246 1458 1315 1479 esse

180 1521 256 1542 cum
284 1508 436 1551 Christo,
468 1510 525 1542 sed
556 1509 779 1543 necessarium
802 1509 905 1553 magis
931 1523 1000 1542 esse
1024 1521 1159 1542 manere
1183 1507 1218 1540 iu
1243 1520 1318 1540 cor-

179 1583 283 1615 pore,
314 1581 458 1616 propter
477 1571 721 1605 revelationem
745 1572 895 1605 filiorum
917 1571 1002 1614 Dei;
1034 1580 1068 1604 et
1092 1571 1209 1603 eadem
1233 1569 1318 1602 acri-

179 1641 233 1666 ter
255 1633 480 1679 reprehendat
503 1633 537 1667 in
561 1647 614 1679 ep.
635 1634 693 1673 ,ad
717 1634 872 1679 quintum
899 1633 1110 1673 Concilium,
1141 1645 1242 1677 quam
1265 1644 1318 1664 re-

180 1695 247 1728 fert
273 1695 464 1738 Cedrenus;
499 1709 606 1729 unum
636 1696 672 1729 id
704 1697 909 1741 culpandum
934 1709 972 1729 ac
997 1695 1223 1728 damnandum
1247 1706 1317 1726 sus-

181 1757 328 1803 ceperit,
365 1759 456 1803 quod
488 1758 554 1792 suis
586 1768 696 1791 tamen
718 1768 903 1796 nonraret
925 1758 1078 1804 patronis
1101 1770 1138 1790 ac
1163 1757 1319 1789 defenso-

182 1820 287 1853 ribus.
334 1820 476 1853 Rusmus
502 1834 638 1866 quoque
663 1820 872 1854 Palaestinas
896 1819 930 1852 in
955 1820 1074 1852 libello
1093 1819 1134 1851 de
1153 1817 1232 1859 fide,
1257 1817 1319 1850 do-

182 1884 325 1917 ctrinam
350 1884 436 1917 hanc
461 1883 655 1917 Adamantii
679 1882 833 1925 gravibus
862 1881 1064 1923 argumentis
1090 1879 1203 1920 elidit,
1243 1879 1318 1912 sun-

182 1947 446 1992 damentumque
470 1945 602 1979 subruit
625 1945 659 1978 in
684 1945 750 1977 hoc
770 1943 964 1989 Scripturae
988 1942 1067 1975 loco
1086 1940 1318 1981 constitutum,

179 2009 259 2043 Job.
283 2009 395 2050 XXV,
419 2009 450 2043 5.
498 2033 547 2049 „,‚
560 2009 657 2041 Astra
687 2016 798 2039 autem
829 2018 898 2038 non
931 2013 1008 2038 sunt
1030 2005 1156 2038 munda
1179 2004 1213 2037 in
1239 2015 1318 2036 con-

180 2081 298 2117 spectu
324 2071 464 2119 ejus‚““
513 2071 657 2114 »Neque
682 2068 818 2109 enim,«
864 2066 992 2112 inquit,
1031 2079 1097 2099 »ex
1123 2077 1184 2107 eo,
1224 2063 1317 2109 quod

178 2146 247 2166 non
272 2134 397 2167 munda
420 2141 496 2166 suut
519 2131 553 2164 in
578 2140 761 2176 conspectu
786 2129 871 2170 Dei,
907 2129 986 2163 ideo
1012 2128 1170 2163 dicuntur
1193 2126 1317 2160 anima-

273 2250 305 2296 1)
331 2251 400 2287 eff.
425 2251 575 2297 Philipp.
602 2252 628 2292 1,
653 2250 707 2286 23.
