1403 2492
175 58 221 94 30
510 55 622 88 Pss'nu
647 54 820 89 Dmms
849 54 982 88 Hormi

177 146 240 180 cita
266 146 308 179 de
332 145 440 179 anima
472 145 553 179 velit
585 157 806 187 cognoscere,
839 145 925 187 legat
949 143 1153 178 Tertulliani
1187 143 1313 179 librum

176 209 218 241 de
242 208 369 248 anima,
394 220 466 252 cap.
491 207 522 241 5.
546 206 578 241 6.
604 216 637 239 et
662 206 711 247 7.,
739 216 772 239 ct
797 206 995 239 Nouaesium
1021 206 1108 239 libro
1134 206 1175 239 (le
1193 217 1313 241 natura

175 270 340 310 hominis,
371 282 443 314 cap.
467 267 519 308 2.,
550 277 584 301 ct
614 268 816 302 Ciceronem
853 268 928 301 libr.
954 267 984 302 4.
1015 268 1210 302 Academic.
1266 271 1314 303 At

173 332 289 364 locum
323 332 491 376 quendam
521 330 691 364 Methodii
724 330 802 362 satis
838 329 1033 363 intricatum
1066 340 1100 364 et
1129 332 1313 364 obscurum

172 393 355 438 praeterire
386 406 454 426 non
488 393 602 432 decet,
643 405 711 436 quo
738 391 892 434 Origcnis
927 392 1101 424 decretum
1127 393 1168 426 de
1192 393 1313 427 animis

173 455 347 500 corporcis
365 455 482 488 nititur
507 453 714 487 convellere.
771 454 925 487 llahetur
949 454 1006 486 ille
1034 454 1124 499 apud
1147 455 1311 488 Photium

173 517 260 551 Cod.
281 517 358 552 234.
406 517 470 550 Hic
496 529 574 558 ergo
600 516 750 560 primum
775 516 930 558 Origenis
954 516 1074 549 recitat
1098 517 1211 557 verba,
1236 517 1310 562 qui-

170 580 233 612 bus
265 579 328 620 ait,
362 579 388 612 si
421 577 768 611 demonstrationibus
802 591 947 622 corpore
985 578 1131 611 animam
1169 591 1207 611 ex
1237 591 1309 612 sese

171 653 284 674 carere
309 641 486 685 probetur,
510 639 685 673 fatendum
704 652 774 671 esse
792 639 938 672 alienum
964 652 1037 672 eam
1063 650 1095 673 et
1118 640 1309 674 adcititium

171 716 294 747 corpus
325 702 481 742 induere,
518 694 658 746 prioris,
694 700 747 733 cui
782 700 816 733 in
848 701 945 734 terris
978 701 1157 748 conjuncta
1189 703 1309 743 fuerat,

169 765 292 801 simile.
337 764 398 797 His
426 763 594 797 methodii
621 776 794 796 censuram
819 763 989 797 subnectit
1013 764 1177 798 photius:
1207 763 1308 811 ΙῙρὸς

168 829 292 870 ταῦτα,
318 825 440 871 inquit,
466 825 484 861 ὁ
510 824 613 871 ἱέγιος
637 824 722 860 τάδε
749 829 857 871 ᾳκησί·
883 828 1005 870 σχῆμα
1025 823 1112 861 ἄλλο
1143 825 1308 869 ὁμοειδὲς

167 891 216 934 τῷ
245 890 406 933 αἰσθητῷ
437 888 551 933 τούτῳ
580 888 671 932 μετὰ
706 886 769 931 τὴν
797 878 973 923 ιιῖιίεῦέλεν
1001 888 1181 934 ἐκδημίαν
1211 889 1307 934 ἔχειν

166 951 395 995 ἐκτιθέμενος
420 950 484 993 τὴν
511 949 649 995 ψυχὴν,
683 948 882 994 ἀσώματον
909 949 980 986 ὑπό
1007 964 1040 985 τι
1063 953 1308 991 Πλατωνικαῖς

166 1013 413 1059 ἀποφαίνεται
438 1011 561 1055 αὑτήν.
619 1011 716 1056 Quae
740 1012 788 1045 sic
812 1013 1062 1058 interpretanda
1087 1022 1181 1046 sunt:
1223 1013 1305 1046 »Ad

163 1076 223 1109 illa
247 1075 298 1108 vir
320 1083 498 1113 sanctus,«
533 1074 730 1107 Methodius
762 1074 940 1114 nimirum,
976 1076 1084 1108 »haec
1109 1074 1163 1108 ait.
1175 1090 1193 1106 ιι
1242 1074 1304 1108 Se-

165 1146 316 1183 quuntur
339 1136 464 1169 deinde
489 1137 590 1168 verba
621 1136 693 1181 ipsa
717 1136 887 1169 Methodii
917 1149 934 1170 a
958 1136 1084 1170 Photio
1120 1136 1306 1177 ιιύῐολεξεί

163 1198 348 1243 descripta,
372 1210 441 1230 non
466 1197 508 1229 ab
533 1210 574 1229 eo
601 1198 896 1243 αὐτοπροσώπως
926 1198 1080 1231 recitata:
1116 1198 1302 1241 »Figuram

162 1262 261 1294 aliam
293 1259 506 1293 consimilem
527 1259 652 1301 *sensili
685 1259 781 1301 huic,
821 1270 1001 1306 postquam
1037 1261 1115 1293 hinc
1150 1261 1300 1301 excessit.

160 1323 284 1356 habere
314 1322 449 1354 tradens
480 1320 647 1360 animam,
684 1321 924 1366 incorpoream
957 1335 1026 1355 esse
1057 1321 1172 1367 aliquo
1197 1332 1299 1367 pacto

160 1384 337 1419 Platouiee
361 1383 468 1428 ipsam
493 1383 677 1416 affirmat.«
734 1383 825 1416 Haec
853 1384 900 1416 ait
923 1383 1122 1416 Methodius
1154 1384 1195 1416 de
1221 1383 1301 1417 Ori-

161 1460 264 1490 gene,
300 1458 370 1478 nou
394 1444 537 1477 Photius
569 1444 611 1476 de
636 1444 841 1485 Methodio,
877 1445 934 1490 qui
962 1445 1085 1478 deinde
1109 1446 1234 1490 probat
1259 1457 1298 1477 ex

160 1510 221 1542 liae
241 1507 396 1550 Origenis
421 1505 618 1551 opinatione
644 1507 805 1551 consequi
832 1519 976 1552 corpore
1001 1507 1147 1539 animam
1166 1518 1298 1548 carere;

160 1571 238 1616 quia
270 1570 297 1603 si
322 1578 400 1614 post
432 1581 602 1600 excessum
634 1581 651 1600 e
678 1568 744 1602 vita
778 1582 923 1613 corpore
951 1578 1110 1613 tanquam
1136 1567 1296 1600 vehiculo

158 1642 192 1665 et
224 1641 314 1664 veste
350 1630 497 1672 indiget,
541 1638 663 1674 utpote
694 1644 780 1675 quae
817 1632 908 1664 nuda
949 1629 1194 1675 comprehendi
1223 1642 1296 1662 non

154 1694 282 1739 possit,
311 1692 429 1737 utique
462 1704 627 1736 corporea
658 1704 728 1724 non
757 1702 824 1725 est:
856 1693 1002 1738 (valeret
1026 1693 1115 1725 enim
1141 1691 1294 1736 alioquin

156 1757 272 1789 cadem
298 1754 562 1797 argumentatio,
595 1766 659 1798 qua
683 1754 841 1791 adversus
866 1754 1080 1788 vincentium
1107 1748 1294 1793 Victorem,

153 1806 299 1851 animam
325 1829 527 1862 corpoream
553 1828 622 1848 esse
647 1824 867 1856 statuentem,
896 1829 976 1859 usus
1006 1825 1055 1849 est
1086 1814 1292 1857 Augustinus

152 1880 228 1914 libr.
255 1882 283 1915 1.
310 1880 351 1912 dc
376 1878 496 1917 anima,
522 1890 582 1922 cap
617 1877 646 1911 5.
674 1891 691 1906 ν
702 1877 807 1920 Quod
833 1891 910 1911 vero
937 1891 1010 1910 eam
1033 1890 1102 1910 non
1119 1876 1288 1922 spiritum,
1321 1877 1323 1880 ’

151 1942 209 1973 sed
236 1955 358 1986 corpus
384 1953 453 1974 esse
479 1938 668 1982 contendit,
695 1938 777 1983 quid
801 1938 892 1971 aliud
918 1939 991 1971 vult
1016 1939 1162 1978 efficere,
1187 1951 1287 1984 quam

149 2016 211 2035 nos
235 2016 304 2035 non
332 2016 369 2035 ex
393 2002 502 2034 anima
529 2009 561 2033 et
586 2013 749 2044 corpore,
773 2001 832 2033 sed
858 2014 895 2034 ex
921 2001 1074 2046 duobus,
1106 2001 1160 2033 vel
1185 2000 1286 2033 etiam

149 2064 254 2097 tribus
288 2073 442 2096 constare
475 2061 698 2107 corporibus?
747 2062 833 2094 Cum
867 2062 956 2095 enim
986 2062 1127 2107 spiritu,
1165 2061 1286 2102 anima,

149 2134 183 2158 et
208 2138 352 2170 corpore
378 2134 529 2157 constare
554 2136 616 2156 nos
642 2124 735 2164 dicit,
761 2134 793 2156 ct
818 2124 930 2156 omnia
954 2126 1036 2157 haec
1059 2124 1122 2157 tria
1140 2136 1285 2168 corpora

149 2200 218 2220 esse
243 2187 375 2227 asserit,
406 2187 563 2230 profecto
589 2198 626 2218 ex
654 2186 759 2219 tribus
785 2186 984 2231 corporibus
1007 2199 1068 2219 nos
1093 2195 1189 2230 putat
1213 2198 1283 2219 esse

148 2259 353 2295 compactos.
400 2249 439 2281 ln
465 2260 530 2293 qua
555 2246 718 2292 opinione
744 2257 866 2294 quanta
887 2261 965 2282 eum
988 2256 1147 2293 sequatur
1170 2247 1284 2280 absur-
