<?xml version="1.0" encoding="UTF-8"?>
<!DOCTYPE html PUBLIC "-//W3C//DTD XHTML 1.0 Transitional//EN"
    "http://www.w3.org/TR/xhtml1/DTD/xhtml1-transitional.dtd">
<html xmlns="http://www.w3.org/1999/xhtml" xml:lang="en" lang="en">
 <head>
  <title>
</title>
<meta http-equiv="Content-Type" content="text/html;charset=utf-8" />
  <meta name='ocr-system' content='tesseract 3.04.00' />
  <meta name='ocr-capabilities' content='ocr_page ocr_carea ocr_par ocr_line ocrx_word'/>
</head>
<body>
  <div class='ocr_page' id='page_1' title='image "./operaomniaquaegr23orig/operaomniaquaegr23orig_0283.png"; bbox 0 0 1403 2492; ppageno 0'>
   <div class='ocr_carea' id='block_1_1' title="bbox 392 76 1204 112">
    <p class='ocr_par' dir='ltr' id='par_1_1' title="bbox 392 76 1204 112">
     <span class='ocr_line' id='line_1_1' title="bbox 392 76 1204 112; baseline -0.004 0"><span class='ocrx_word' id='word_1_1' title='bbox 392 78 703 112; x_wconf 68' lang='lat' dir='ltr'><strong>Omoemmonum</strong></span> <span class='ocrx_word' id='word_1_2' title='bbox 729 77 840 109; x_wconf 71' lang='lat' dir='ltr'><strong>Lmen</strong></span> <span class='ocrx_word' id='word_1_3' title='bbox 866 76 909 109; x_wconf 88' lang='lat' dir='ltr'><strong>ll.</strong></span> <span class='ocrx_word' id='word_1_4' title='bbox 1138 76 1204 109; x_wconf 73' lang='lat'><strong>269</strong></span> 
     </span>
    </p>
   </div>
   <div class='ocr_carea' id='block_1_2' title="bbox 70 165 1206 2000">
    <p class='ocr_par' dir='ltr' id='par_1_2' title="bbox 70 165 1206 2000">
     <span class='ocr_line' id='line_1_2' title="bbox 74 165 1204 214; baseline -0.005 -13"><span class='ocrx_word' id='word_1_5' title='bbox 74 169 152 201; x_wconf 82' lang='lat' dir='ltr'><strong>dico</strong></span> <span class='ocrx_word' id='word_1_6' title='bbox 177 170 342 214; x_wconf 78' lang='lat' dir='ltr'>tropicam</span> <span class='ocrx_word' id='word_1_7' title='bbox 367 169 635 210; x_wconf 77' lang='lat' dir='ltr'><strong>intelligentiam,</strong></span> <span class='ocrx_word' id='word_1_8' title='bbox 658 168 766 199; x_wconf 89' lang='lat' dir='ltr'><strong>doceo</strong></span> <span class='ocrx_word' id='word_1_9' title='bbox 789 179 904 198; x_wconf 84' lang='lat' dir='ltr'><strong>verum</strong></span> <span class='ocrx_word' id='word_1_10' title='bbox 925 177 992 197; x_wconf 89' lang='lat' dir='ltr'><strong>non</strong></span> <span class='ocrx_word' id='word_1_11' title='bbox 1018 175 1087 196; x_wconf 85' lang='lat' dir='ltr'><strong>esse</strong></span> <span class='ocrx_word' id='word_1_12' title='bbox 1113 165 1204 208; x_wconf 78' lang='lat' dir='ltr'><strong>quod</strong></span> 
     </span>
     <span class='ocr_line' id='line_1_3' title="bbox 75 226 1201 272; baseline -0.005 -9"><span class='ocrx_word' id='word_1_13' title='bbox 75 230 210 272; x_wconf 80' lang='lat' dir='ltr'><strong>dicitur,</strong></span> <span class='ocrx_word' id='word_1_14' title='bbox 233 232 291 263; x_wconf 85' lang='lat' dir='ltr'><strong>sed</strong></span> <span class='ocrx_word' id='word_1_15' title='bbox 315 229 497 271; x_wconf 86' lang='lat' dir='ltr'><strong>allegoriae</strong></span> <span class='ocrx_word' id='word_1_16' title='bbox 520 228 638 261; x_wconf 91' lang='lat' dir='ltr'><strong>nubilo</strong></span> <span class='ocrx_word' id='word_1_17' title='bbox 664 229 873 270; x_wconf 60' lang='lat' dir='ltr'><strong>figuramur«</strong></span> <span class='ocrx_word' id='word_1_18' title='bbox 919 228 994 259; x_wconf 69' lang='lat' dir='ltr'><strong>Non</strong></span> <span class='ocrx_word' id='word_1_19' title='bbox 1021 226 1122 258; x_wconf 85' lang='lat' dir='ltr'><strong>alium</strong></span> <span class='ocrx_word' id='word_1_20' title='bbox 1149 240 1201 258; x_wconf 79' lang='lat' dir='ltr'><strong>au-</strong></span> 
     </span>
     <span class='ocr_line' id='line_1_4' title="bbox 74 288 1202 335; baseline -0.003 -12"><span class='ocrx_word' id='word_1_21' title='bbox 74 301 144 324; x_wconf 78' lang='lat' dir='ltr'><strong>tem</strong></span> <span class='ocrx_word' id='word_1_22' title='bbox 168 292 241 325; x_wconf 81' lang='lat' dir='ltr'><strong>aliis</strong></span> <span class='ocrx_word' id='word_1_23' title='bbox 267 292 373 324; x_wconf 79' lang='lat' dir='ltr'><strong>inesse</strong></span> <span class='ocrx_word' id='word_1_24' title='bbox 397 304 528 324; x_wconf 89' lang='lat' dir='ltr'><strong>sensum</strong></span> <span class='ocrx_word' id='word_1_25' title='bbox 556 304 654 335; x_wconf 83' lang='lat' dir='ltr'><strong>quam</strong></span> <span class='ocrx_word' id='word_1_26' title='bbox 688 289 889 322; x_wconf 82' lang='lat' dir='ltr'><strong>historicum</strong></span> <span class='ocrx_word' id='word_1_27' title='bbox 922 298 1056 321; x_wconf 79' lang='lat' dir='ltr'><strong>censent</strong></span> <span class='ocrx_word' id='word_1_28' title='bbox 1086 288 1202 332; x_wconf 76' lang='lat' dir='ltr'><strong>aliqui.</strong></span> 
     </span>
     <span class='ocr_line' id='line_1_5' title="bbox 75 350 1206 395; baseline -0.004 -9"><span class='ocrx_word' id='word_1_29' title='bbox 75 356 119 386; x_wconf 79' lang='lat' dir='ltr'><strong>At</strong></span> <span class='ocrx_word' id='word_1_30' title='bbox 145 353 307 395; x_wconf 80' lang='lat' dir='ltr'><strong>Origenes</strong></span> <span class='ocrx_word' id='word_1_31' title='bbox 332 352 458 385; x_wconf 78' lang='lat' dir='ltr'><strong>etiamsi</strong></span> <span class='ocrx_word' id='word_1_32' title='bbox 481 352 569 384; x_wconf 88' lang='lat' dir='ltr'><strong>hunc</strong></span> <span class='ocrx_word' id='word_1_33' title='bbox 600 353 819 385; x_wconf 87' lang='lat' dir='ltr'><strong>solummodo</strong></span> <span class='ocrx_word' id='word_1_34' title='bbox 844 351 878 383; x_wconf 89' lang='lat' dir='ltr'><strong>in</strong></span> <span class='ocrx_word' id='word_1_35' title='bbox 902 350 1070 394; x_wconf 78' lang='lat' dir='ltr'><strong>aliquibus</strong></span> <span class='ocrx_word' id='word_1_36' title='bbox 1094 350 1206 394; x_wconf 84' lang='lat' dir='ltr'><strong>requi-</strong></span> 
     </span>
     <span class='ocr_line' id='line_1_6' title="bbox 74 413 1206 458; baseline -0.004 -11"><span class='ocrx_word' id='word_1_37' title='bbox 74 415 215 447; x_wconf 88' lang='lat' dir='ltr'><strong>rendum</strong></span> <span class='ocrx_word' id='word_1_38' title='bbox 241 427 309 447; x_wconf 76' lang='lat' dir='ltr'><strong>esse</strong></span> <span class='ocrx_word' id='word_1_39' title='bbox 334 427 466 447; x_wconf 88' lang='lat' dir='ltr'><strong>sensum</strong></span> <span class='ocrx_word' id='word_1_40' title='bbox 490 423 597 458; x_wconf 81' lang='lat' dir='ltr'><strong>putet,</strong></span> <span class='ocrx_word' id='word_1_41' title='bbox 621 427 661 446; x_wconf 88' lang='lat' dir='ltr'><strong>ne</strong></span> <span class='ocrx_word' id='word_1_42' title='bbox 688 416 768 446; x_wconf 85' lang='lat' dir='ltr'><strong>haec</strong></span> <span class='ocrx_word' id='word_1_43' title='bbox 793 413 929 458; x_wconf 80' lang='lat' dir='ltr'><strong>quidem</strong></span> <span class='ocrx_word' id='word_1_44' title='bbox 954 421 1066 444; x_wconf 77' lang='lat' dir='ltr'><strong>tamen</strong></span> <span class='ocrx_word' id='word_1_45' title='bbox 1085 421 1206 457; x_wconf 77' lang='lat' dir='ltr'><strong>myste-</strong></span> 
     </span>
     <span class='ocr_line' id='line_1_7' title="bbox 75 474 1205 521; baseline -0.004 -13"><span class='ocrx_word' id='word_1_46' title='bbox 75 476 131 508; x_wconf 85' lang='lat' dir='ltr'><strong>riis</strong></span> <span class='ocrx_word' id='word_1_47' title='bbox 156 489 272 508; x_wconf 84' lang='lat' dir='ltr'><strong>vacare</strong></span> <span class='ocrx_word' id='word_1_48' title='bbox 299 475 472 510; x_wconf 78' lang='lat' dir='ltr'><strong>existimat.</strong></span> <span class='ocrx_word' id='word_1_49' title='bbox 519 475 627 521; x_wconf 80' lang='lat' dir='ltr'><strong>Hujus</strong></span> <span class='ocrx_word' id='word_1_50' title='bbox 650 475 737 507; x_wconf 84' lang='lat' dir='ltr'><strong>enim</strong></span> <span class='ocrx_word' id='word_1_51' title='bbox 763 474 848 506; x_wconf 80' lang='lat' dir='ltr'><strong>iliud</strong></span> <span class='ocrx_word' id='word_1_52' title='bbox 874 474 1130 518; x_wconf 83' lang='lat' dir='ltr'><strong>pronuntiatum</strong></span> <span class='ocrx_word' id='word_1_53' title='bbox 1156 482 1205 505; x_wconf 78' lang='lat' dir='ltr'><strong>est</strong></span> 
     </span>
     <span class='ocr_line' id='line_1_8' title="bbox 73 534 1205 578; baseline -0.003 -9"><span class='ocrx_word' id='word_1_54' title='bbox 73 538 202 570; x_wconf 85' lang='lat' dir='ltr'><strong>Homil.</strong></span> <span class='ocrx_word' id='word_1_55' title='bbox 221 538 249 572; x_wconf 90' lang='lat'><strong>1.</strong></span> <span class='ocrx_word' id='word_1_56' title='bbox 274 538 307 569; x_wconf 89' lang='lat' dir='ltr'><strong>in</strong></span> <span class='ocrx_word' id='word_1_57' title='bbox 331 538 438 571; x_wconf 80' lang='lat' dir='ltr'><strong>Exod.</strong></span> <span class='ocrx_word' id='word_1_58' title='bbox 462 551 553 571; x_wconf 92' lang='lat' dir='ltr'><strong>num.</strong></span> <span class='ocrx_word' id='word_1_59' title='bbox 570 537 603 571; x_wconf 85' lang='grc'><strong>4.</strong></span> <span class='ocrx_word' id='word_1_60' title='bbox 653 537 743 578; x_wconf 86' lang='lat' dir='ltr'><strong>»Ego</strong></span> <span class='ocrx_word' id='word_1_61' title='bbox 771 537 909 568; x_wconf 88' lang='lat' dir='ltr'><strong>eredens</strong></span> <span class='ocrx_word' id='word_1_62' title='bbox 934 536 1042 567; x_wconf 86' lang='lat' dir='ltr'><strong>verbis</strong></span> <span class='ocrx_word' id='word_1_63' title='bbox 1064 534 1205 567; x_wconf 83' lang='lat' dir='ltr'><strong>Domini</strong></span> 
     </span>
     <span class='ocr_line' id='line_1_9' title="bbox 75 597 1202 643; baseline -0.004 -12"><span class='ocrx_word' id='word_1_64' title='bbox 75 599 235 632; x_wconf 70' lang='lat' dir='ltr'><strong>mei-lesu</strong></span> <span class='ocrx_word' id='word_1_65' title='bbox 254 599 389 639; x_wconf 87' lang='lat' dir='ltr'><strong>Christi,</strong></span> <span class='ocrx_word' id='word_1_66' title='bbox 412 599 446 631; x_wconf 90' lang='lat' dir='ltr'><strong>in</strong></span> <span class='ocrx_word' id='word_1_67' title='bbox 469 600 555 641; x_wconf 81' lang='lat' dir='ltr'><strong>Lege</strong></span> <span class='ocrx_word' id='word_1_68' title='bbox 585 607 617 631; x_wconf 88' lang='lat' dir='ltr'><strong>et</strong></span> <span class='ocrx_word' id='word_1_69' title='bbox 629 598 804 643; x_wconf 84' lang='lat' dir='ltr'><strong>prophetis</strong></span> <span class='ocrx_word' id='word_1_70' title='bbox 829 598 897 642; x_wconf 79' lang='lat' dir='ltr'><strong>jota</strong></span> <span class='ocrx_word' id='word_1_71' title='bbox 922 597 1060 642; x_wconf 85' lang='lat' dir='ltr'><strong>quidem</strong></span> <span class='ocrx_word' id='word_1_72' title='bbox 1086 610 1202 640; x_wconf 77' lang='lat' dir='ltr'><strong>unum,</strong></span> 
     </span>
     <span class='ocr_line' id='line_1_10' title="bbox 74 659 1203 706; baseline -0.004 -13"><span class='ocrx_word' id='word_1_73' title='bbox 74 670 130 693; x_wconf 88' lang='lat' dir='ltr'><strong>aut</strong></span> <span class='ocrx_word' id='word_1_74' title='bbox 162 674 266 693; x_wconf 90' lang='lat' dir='ltr'><strong>unum</strong></span> <span class='ocrx_word' id='word_1_75' title='bbox 297 661 425 705; x_wconf 81' lang='lat' dir='ltr'><strong>apicem</strong></span> <span class='ocrx_word' id='word_1_76' title='bbox 456 674 524 693; x_wconf 85' lang='lat' dir='ltr'><strong>non</strong></span> <span class='ocrx_word' id='word_1_77' title='bbox 558 669 640 704; x_wconf 89' lang='lat' dir='ltr'><strong>puto</strong></span> <span class='ocrx_word' id='word_1_78' title='bbox 675 673 743 692; x_wconf 86' lang='lat' dir='ltr'><strong>csse</strong></span> <span class='ocrx_word' id='word_1_79' title='bbox 768 659 932 706; x_wconf 68' lang='lat' dir='ltr'><strong>mysteriis</strong></span> <span class='ocrx_word' id='word_1_80' title='bbox 959 671 1116 697; x_wconf 86' lang='lat' dir='ltr'><strong>vacuum,</strong></span> <span class='ocrx_word' id='word_1_81' title='bbox 1142 671 1203 690; x_wconf 86' lang='lat' dir='ltr'><strong>nec</strong></span> 
     </span>
     <span class='ocr_line' id='line_1_11' title="bbox 74 720 1202 767; baseline -0.002 -12"><span class='ocrx_word' id='word_1_82' title='bbox 74 732 158 766; x_wconf 85' lang='lat' dir='ltr'><strong>puto</strong></span> <span class='ocrx_word' id='word_1_83' title='bbox 183 723 309 767; x_wconf 87' lang='lat' dir='ltr'><strong>aliquid</strong></span> <span class='ocrx_word' id='word_1_84' title='bbox 335 722 455 753; x_wconf 86' lang='lat' dir='ltr'><strong>horum</strong></span> <span class='ocrx_word' id='word_1_85' title='bbox 488 721 626 753; x_wconf 81' lang='lat' dir='ltr'><strong>transire</strong></span> <span class='ocrx_word' id='word_1_86' title='bbox 658 734 774 765; x_wconf 83' lang='lat' dir='ltr'><strong>posse,</strong></span> <span class='ocrx_word' id='word_1_87' title='bbox 814 722 923 753; x_wconf 90' lang='lat' dir='ltr'><strong>donec</strong></span> <span class='ocrx_word' id='word_1_88' title='bbox 956 721 1067 753; x_wconf 87' lang='lat' dir='ltr'><strong>omnia</strong></span> <span class='ocrx_word' id='word_1_89' title='bbox 1091 720 1202 753; x_wconf 53' lang='lat' dir='ltr'><strong>fiant«</strong></span> 
     </span>
     <span class='ocr_line' id='line_1_12' title="bbox 75 782 1205 828; baseline -0.002 -13"><span class='ocrx_word' id='word_1_90' title='bbox 75 783 172 816; x_wconf 83' lang='lat' dir='ltr'>Unde</span> <span class='ocrx_word' id='word_1_91' title='bbox 197 784 270 816; x_wconf 89' lang='lat' dir='ltr'><strong>libr.</strong></span> <span class='ocrx_word' id='word_1_92' title='bbox 297 784 354 816; x_wconf 91' lang='lat' dir='ltr'><strong>lV.</strong></span> <span class='ocrx_word' id='word_1_93' title='bbox 386 786 468 828; x_wconf 75' lang='grc' dir='ltr'><strong>περὶ</strong></span> <span class='ocrx_word' id='word_1_94' title='bbox 501 783 643 828; x_wconf 77' lang='grc' dir='ltr'><em>ἀρχῶν,</em></span> <span class='ocrx_word' id='word_1_95' title='bbox 676 797 765 815; x_wconf 86' lang='lat' dir='ltr'><strong>num.</strong></span> <span class='ocrx_word' id='word_1_96' title='bbox 791 783 844 818; x_wconf 81' lang='grc'><strong>26.</strong></span> <span class='ocrx_word' id='word_1_97' title='bbox 882 792 914 815; x_wconf 89' lang='lat' dir='ltr'><strong>et</strong></span> <span class='ocrx_word' id='word_1_98' title='bbox 936 782 1012 822; x_wconf 53' lang='lat'><strong>27„</strong></span> <span class='ocrx_word' id='word_1_99' title='bbox 1043 782 1205 826; x_wconf 82' lang='lat' dir='ltr'><strong>pleraque</strong></span> 
     </span>
     <span class='ocr_line' id='line_1_13' title="bbox 75 844 1204 891; baseline -0.002 -14"><span class='ocrx_word' id='word_1_100' title='bbox 75 845 269 889; x_wconf 85' lang='lat' dir='ltr'><strong>Scripturae</strong></span> <span class='ocrx_word' id='word_1_101' title='bbox 292 858 403 877; x_wconf 85' lang='lat' dir='ltr'><strong>sacrae</strong></span> <span class='ocrx_word' id='word_1_102' title='bbox 423 845 581 891; x_wconf 68' lang='lat' dir='ltr'><strong>mysteria</strong></span> <span class='ocrx_word' id='word_1_103' title='bbox 606 845 798 877; x_wconf 88' lang='lat' dir='ltr'><strong>hominibus</strong></span> <span class='ocrx_word' id='word_1_104' title='bbox 830 844 1029 886; x_wconf 77' lang='lat' dir='ltr'><strong>ignorabilia</strong></span> <span class='ocrx_word' id='word_1_105' title='bbox 1058 856 1127 876; x_wconf 86' lang='lat' dir='ltr'><strong>esse</strong></span> <span class='ocrx_word' id='word_1_106' title='bbox 1154 844 1204 875; x_wconf 83' lang='lat' dir='ltr'><strong>sa-</strong></span> 
     </span>
     <span class='ocr_line' id='line_1_14' title="bbox 74 906 1205 952; baseline -0.002 -13"><span class='ocrx_word' id='word_1_107' title='bbox 74 915 137 940; x_wconf 88' lang='lat' dir='ltr'><strong>tur.</strong></span> <span class='ocrx_word' id='word_1_108' title='bbox 184 907 356 951; x_wconf 86' lang='lat' dir='ltr'><strong>Perpauca</strong></span> <span class='ocrx_word' id='word_1_109' title='bbox 381 906 536 951; x_wconf 86' lang='lat' dir='ltr'><strong>quidem,</strong></span> <span class='ocrx_word' id='word_1_110' title='bbox 561 908 618 939; x_wconf 93' lang='lat' dir='ltr'><strong>sed</strong></span> <span class='ocrx_word' id='word_1_111' title='bbox 642 907 684 939; x_wconf 90' lang='lat' dir='ltr'><strong>ad</strong></span> <span class='ocrx_word' id='word_1_112' title='bbox 708 908 918 952; x_wconf 85' lang='lat' dir='ltr'><strong>purgandum</strong></span> <span class='ocrx_word' id='word_1_113' title='bbox 943 906 1125 947; x_wconf 77' lang='lat' dir='ltr'><strong>origenem</strong></span> <span class='ocrx_word' id='word_1_114' title='bbox 1155 918 1205 937; x_wconf 85' lang='lat' dir='ltr'><strong>sa-</strong></span> 
     </span>
     <span class='ocr_line' id='line_1_15' title="bbox 75 967 1205 1013; baseline -0.001 -13"><span class='ocrx_word' id='word_1_115' title='bbox 75 968 115 1000; x_wconf 89' lang='lat' dir='ltr'><strong>tis</strong></span> <span class='ocrx_word' id='word_1_116' title='bbox 144 969 299 1013; x_wconf 89' lang='lat' dir='ltr'><strong>apposita</strong></span> <span class='ocrx_word' id='word_1_117' title='bbox 330 970 473 1013; x_wconf 88' lang='lat' dir='ltr'><strong>protulit</strong></span> <span class='ocrx_word' id='word_1_118' title='bbox 504 967 693 1013; x_wconf 85' lang='lat' dir='ltr'><strong>Apologiae</strong></span> <span class='ocrx_word' id='word_1_119' title='bbox 727 978 862 1010; x_wconf 80' lang='lat' dir='ltr'><strong>auctor,</strong></span> <span class='ocrx_word' id='word_1_120' title='bbox 895 981 912 1000; x_wconf 87' lang='lat' dir='ltr'><strong>e</strong></span> <span class='ocrx_word' id='word_1_121' title='bbox 944 967 1022 1003; x_wconf 88' lang='lat' dir='ltr'><strong>libr.</strong></span> <span class='ocrx_word' id='word_1_122' title='bbox 1047 969 1088 1000; x_wconf 87' lang='lat' dir='ltr'><strong>ll.</strong></span> <span class='ocrx_word' id='word_1_123' title='bbox 1120 969 1205 1012; x_wconf 72' lang='grc' dir='ltr'><strong>περὶ</strong></span> 
     </span>
     <span class='ocr_line' id='line_1_16' title="bbox 74 1027 1204 1075; baseline -0.004 -12"><span class='ocrx_word' id='word_1_124' title='bbox 74 1029 196 1075; x_wconf 74' lang='grc' dir='ltr'><em>ἀρχῶν</em></span> <span class='ocrx_word' id='word_1_125' title='bbox 219 1043 290 1075; x_wconf 84' lang='lat' dir='ltr'><strong>cap.</strong></span> <span class='ocrx_word' id='word_1_126' title='bbox 314 1030 345 1064; x_wconf 88' lang='lat'><strong>2.</strong></span> <span class='ocrx_word' id='word_1_127' title='bbox 376 1044 492 1073; x_wconf 82' lang='lat' dir='ltr'><strong>magna</strong></span> <span class='ocrx_word' id='word_1_128' title='bbox 523 1043 560 1062; x_wconf 84' lang='lat' dir='ltr'><strong>ex</strong></span> <span class='ocrx_word' id='word_1_129' title='bbox 591 1039 686 1075; x_wconf 86' lang='lat' dir='ltr'><strong>parte</strong></span> <span class='ocrx_word' id='word_1_130' title='bbox 710 1030 833 1075; x_wconf 86' lang='lat' dir='ltr'><strong>petita,</strong></span> <span class='ocrx_word' id='word_1_131' title='bbox 865 1029 898 1062; x_wconf 88' lang='lat' dir='ltr'><strong>in</strong></span> <span class='ocrx_word' id='word_1_132' title='bbox 931 1030 1050 1074; x_wconf 89' lang='lat' dir='ltr'><strong>quibus</strong></span> <span class='ocrx_word' id='word_1_133' title='bbox 1073 1027 1204 1061; x_wconf 80' lang='lat' dir='ltr'><strong>Veteris</strong></span> 
     </span>
     <span class='ocr_line' id='line_1_17' title="bbox 75 1090 1205 1134; baseline -0.002 -11"><span class='ocrx_word' id='word_1_134' title='bbox 75 1091 282 1124; x_wconf 79' lang='lat' dir='ltr'><strong>Testamenti</strong></span> <span class='ocrx_word' id='word_1_135' title='bbox 311 1092 466 1124; x_wconf 82' lang='lat' dir='ltr'><strong>historias</strong></span> <span class='ocrx_word' id='word_1_136' title='bbox 496 1105 564 1124; x_wconf 89' lang='lat' dir='ltr'><strong>non</strong></span> <span class='ocrx_word' id='word_1_137' title='bbox 589 1092 739 1132; x_wconf 83' lang='lat' dir='ltr'><strong>fictitias,</strong></span> <span class='ocrx_word' id='word_1_138' title='bbox 771 1093 829 1124; x_wconf 85' lang='lat' dir='ltr'><strong>sed</strong></span> <span class='ocrx_word' id='word_1_139' title='bbox 854 1104 946 1124; x_wconf 86' lang='lat' dir='ltr'><strong>veras</strong></span> <span class='ocrx_word' id='word_1_140' title='bbox 978 1104 1047 1123; x_wconf 85' lang='lat' dir='ltr'><strong>esse</strong></span> <span class='ocrx_word' id='word_1_141' title='bbox 1073 1090 1205 1134; x_wconf 86' lang='lat' dir='ltr'><strong>praedi-</strong></span> 
     </span>
     <span class='ocr_line' id='line_1_18' title="bbox 74 1151 1205 1197; baseline -0.002 -12"><span class='ocrx_word' id='word_1_142' title='bbox 74 1163 136 1192; x_wconf 81' lang='lat' dir='ltr'><strong>cat,</strong></span> <span class='ocrx_word' id='word_1_143' title='bbox 161 1163 194 1185; x_wconf 83' lang='lat' dir='ltr'><strong>et</strong></span> <span class='ocrx_word' id='word_1_144' title='bbox 217 1154 258 1185; x_wconf 88' lang='lat' dir='ltr'><strong>ab</strong></span> <span class='ocrx_word' id='word_1_145' title='bbox 282 1153 322 1185; x_wconf 84' lang='lat' dir='ltr'><strong>iis</strong></span> <span class='ocrx_word' id='word_1_146' title='bbox 346 1153 531 1186; x_wconf 87' lang='lat' dir='ltr'><strong>necessario</strong></span> <span class='ocrx_word' id='word_1_147' title='bbox 555 1154 797 1193; x_wconf 82' lang='lat' dir='ltr'><strong>admittendas,</strong></span> <span class='ocrx_word' id='word_1_148' title='bbox 816 1153 874 1197; x_wconf 88' lang='lat' dir='ltr'><strong>qui</strong></span> <span class='ocrx_word' id='word_1_149' title='bbox 897 1153 1038 1185; x_wconf 88' lang='lat' dir='ltr'><strong>salutem</strong></span> <span class='ocrx_word' id='word_1_150' title='bbox 1063 1151 1205 1196; x_wconf 86' lang='lat' dir='ltr'><strong>adipisci</strong></span> 
     </span>
     <span class='ocr_line' id='line_1_19' title="bbox 74 1213 1204 1260; baseline -0.002 -13"><span class='ocrx_word' id='word_1_151' title='bbox 74 1215 223 1260; x_wconf 85' lang='lat' dir='ltr'><strong>cupiunt.</strong></span> <span class='ocrx_word' id='word_1_152' title='bbox 272 1214 390 1258; x_wconf 84' lang='lat' dir='ltr'><strong>Quid?</strong></span> <span class='ocrx_word' id='word_1_153' title='bbox 424 1216 516 1259; x_wconf 88' lang='lat' dir='ltr'><strong>quod</strong></span> <span class='ocrx_word' id='word_1_154' title='bbox 556 1215 748 1247; x_wconf 83' lang='lat' dir='ltr'><strong>historicam</strong></span> <span class='ocrx_word' id='word_1_155' title='bbox 785 1228 906 1260; x_wconf 81' lang='lat' dir='ltr'><strong>saepe,</strong></span> <span class='ocrx_word' id='word_1_156' title='bbox 942 1213 1134 1260; x_wconf 82' lang='lat' dir='ltr'><strong>mysticam,</strong></span> <span class='ocrx_word' id='word_1_157' title='bbox 1171 1223 1204 1245; x_wconf 87' lang='lat' dir='ltr'><strong>et</strong></span> 
     </span>
     <span class='ocr_line' id='line_1_20' title="bbox 73 1276 1204 1321; baseline -0.002 -12"><span class='ocrx_word' id='word_1_158' title='bbox 73 1278 237 1309; x_wconf 83' lang='lat' dir='ltr'><strong>moralem</strong></span> <span class='ocrx_word' id='word_1_159' title='bbox 269 1277 302 1309; x_wconf 88' lang='lat' dir='ltr'><strong>in</strong></span> <span class='ocrx_word' id='word_1_160' title='bbox 327 1276 502 1321; x_wconf 81' lang='lat' dir='ltr'><strong>Scriptura</strong></span> <span class='ocrx_word' id='word_1_161' title='bbox 534 1277 780 1321; x_wconf 79' lang='lat' dir='ltr'><strong>expositionem</strong></span> <span class='ocrx_word' id='word_1_162' title='bbox 815 1276 976 1317; x_wconf 78' lang='lat' dir='ltr'><strong>rimatur3</strong></span> <span class='ocrx_word' id='word_1_163' title='bbox 1008 1277 1101 1308; x_wconf 88' lang='lat' dir='ltr'><strong>velut</strong></span> <span class='ocrx_word' id='word_1_164' title='bbox 1132 1276 1204 1307; x_wconf 90' lang='lat' dir='ltr'><strong>Ho-</strong></span> 
     </span>
     <span class='ocr_line' id='line_1_21' title="bbox 73 1337 1203 1372; baseline -0.003 -1"><span class='ocrx_word' id='word_1_165' title='bbox 73 1339 143 1372; x_wconf 86' lang='lat' dir='ltr'><strong>mil.</strong></span> <span class='ocrx_word' id='word_1_166' title='bbox 168 1339 276 1372; x_wconf 83' lang='lat' dir='ltr'>XVII.</span> <span class='ocrx_word' id='word_1_167' title='bbox 301 1338 335 1370; x_wconf 90' lang='lat' dir='ltr'><strong>in</strong></span> <span class='ocrx_word' id='word_1_168' title='bbox 361 1338 486 1372; x_wconf 79' lang='lat' dir='ltr'><strong>Genes.</strong></span> <span class='ocrx_word' id='word_1_169' title='bbox 510 1339 672 1372; x_wconf 83' lang='lat' dir='ltr'><strong>disserens</strong></span> <span class='ocrx_word' id='word_1_170' title='bbox 696 1340 738 1371; x_wconf 89' lang='lat' dir='ltr'><strong>de</strong></span> <span class='ocrx_word' id='word_1_171' title='bbox 750 1338 1043 1371; x_wconf 84' lang='lat' dir='ltr'><strong>benedictionibus</strong></span> <span class='ocrx_word' id='word_1_172' title='bbox 1059 1337 1203 1370; x_wconf 84' lang='lat' dir='ltr'><strong>Patriar·</strong></span> 
     </span>
     <span class='ocr_line' id='line_1_22' title="bbox 74 1399 1201 1445; baseline -0.003 -12"><span class='ocrx_word' id='word_1_173' title='bbox 74 1402 228 1433; x_wconf 84' lang='lat' dir='ltr'><strong>charum:</strong></span> <span class='ocrx_word' id='word_1_174' title='bbox 256 1399 374 1443; x_wconf 77' lang='lat' dir='ltr'><strong>»Quae</strong></span> <span class='ocrx_word' id='word_1_175' title='bbox 398 1413 461 1441; x_wconf 88' lang='lat' dir='ltr'><strong>res,</strong></span> <span class='ocrx_word' id='word_1_176' title='bbox 485 1401 594 1445; x_wconf 88' lang='lat' dir='ltr'><strong>inquit</strong></span> <span class='ocrx_word' id='word_1_177' title='bbox 619 1414 712 1433; x_wconf 89' lang='lat' dir='ltr'><strong>num.</strong></span> <span class='ocrx_word' id='word_1_178' title='bbox 738 1402 780 1440; x_wconf 89' lang='lat'><strong>1.,</strong></span> <span class='ocrx_word' id='word_1_179' title='bbox 803 1400 902 1433; x_wconf 90' lang='lat' dir='ltr'><strong>nobis</strong></span> <span class='ocrx_word' id='word_1_180' title='bbox 925 1399 1142 1444; x_wconf 82' lang='lat' dir='ltr'><strong>tripartitam,</strong></span> <span class='ocrx_word' id='word_1_181' title='bbox 1164 1407 1201 1430; x_wconf 87' lang='lat' dir='ltr'><strong>ut</strong></span> 
     </span>
     <span class='ocr_line' id='line_1_23' title="bbox 72 1461 1201 1506; baseline -0.004 -11"><span class='ocrx_word' id='word_1_182' title='bbox 72 1463 105 1495; x_wconf 89' lang='lat' dir='ltr'><strong>in</strong></span> <span class='ocrx_word' id='word_1_183' title='bbox 129 1461 202 1495; x_wconf 80' lang='lat' dir='ltr'><strong>aliis</strong></span> <span class='ocrx_word' id='word_1_184' title='bbox 233 1461 392 1502; x_wconf 82' lang='lat' dir='ltr'><strong>fecimus,</strong></span> <span class='ocrx_word' id='word_1_185' title='bbox 424 1461 666 1506; x_wconf 76' lang='lat' dir='ltr'><strong>explanationis</strong></span> <span class='ocrx_word' id='word_1_186' title='bbox 697 1462 872 1495; x_wconf 86' lang='lat' dir='ltr'><strong>materiam</strong></span> <span class='ocrx_word' id='word_1_187' title='bbox 901 1461 1052 1506; x_wconf 87' lang='lat' dir='ltr'><strong>subjicit,</strong></span> <span class='ocrx_word' id='word_1_188' title='bbox 1088 1461 1134 1493; x_wconf 88' lang='lat' dir='ltr'><strong>ita</strong></span> <span class='ocrx_word' id='word_1_189' title='bbox 1163 1470 1201 1492; x_wconf 92' lang='lat' dir='ltr'><strong>ut</strong></span> 
     </span>
     <span class='ocr_line' id='line_1_24' title="bbox 70 1523 1199 1568; baseline -0.003 -11"><span class='ocrx_word' id='word_1_190' title='bbox 70 1523 323 1557; x_wconf 86' lang='lat' dir='ltr'><strong>benedictiones</strong></span> <span class='ocrx_word' id='word_1_191' title='bbox 360 1523 519 1557; x_wconf 85' lang='lat' dir='ltr'><strong>historiae</strong></span> <span class='ocrx_word' id='word_1_192' title='bbox 559 1524 672 1556; x_wconf 77' lang='lat' dir='ltr'><strong>locum</strong></span> <span class='ocrx_word' id='word_1_193' title='bbox 709 1533 860 1566; x_wconf 81' lang='lat' dir='ltr'><strong>servent3</strong></span> <span class='ocrx_word' id='word_1_194' title='bbox 902 1523 1082 1568; x_wconf 84' lang='lat' dir='ltr'><strong>prophetia</strong></span> <span class='ocrx_word' id='word_1_195' title='bbox 1119 1535 1199 1555; x_wconf 89' lang='lat' dir='ltr'><strong>vero</strong></span> 
     </span>
     <span class='ocr_line' id='line_1_25' title="bbox 70 1584 1202 1632; baseline -0.003 -13"><span class='ocrx_word' id='word_1_196' title='bbox 70 1585 248 1632; x_wconf 83' lang='lat' dir='ltr'><strong>mysticum</strong></span> <span class='ocrx_word' id='word_1_197' title='bbox 272 1594 371 1629; x_wconf 85' lang='lat' dir='ltr'><strong>atque</strong></span> <span class='ocrx_word' id='word_1_198' title='bbox 395 1586 641 1628; x_wconf 77' lang='lat' dir='ltr'><strong>dogmaticum3</strong></span> <span class='ocrx_word' id='word_1_199' title='bbox 672 1599 806 1618; x_wconf 91' lang='lat' dir='ltr'><strong>morum</strong></span> <span class='ocrx_word' id='word_1_200' title='bbox 822 1586 854 1630; x_wconf 92' lang='lat'><strong>¹)</strong></span> <span class='ocrx_word' id='word_1_201' title='bbox 885 1584 1057 1629; x_wconf 78' lang='lat' dir='ltr'><strong>correptio</strong></span> <span class='ocrx_word' id='word_1_202' title='bbox 1083 1594 1116 1616; x_wconf 91' lang='lat' dir='ltr'><strong>et</strong></span> <span class='ocrx_word' id='word_1_203' title='bbox 1141 1585 1202 1616; x_wconf 45' lang='lat' dir='ltr'><strong>ob*</strong></span> 
     </span>
     <span class='ocr_line' id='line_1_26' title="bbox 70 1646 1201 1696; baseline -0.004 -15"><span class='ocrx_word' id='word_1_204' title='bbox 70 1649 212 1695; x_wconf 77' lang='lat' dir='ltr'><strong>jurgatio</strong></span> <span class='ocrx_word' id='word_1_205' title='bbox 238 1647 403 1696; x_wconf 74' lang='lat' dir='ltr'><strong>moralem</strong></span> <span class='ocrx_word' id='word_1_206' title='bbox 427 1646 547 1688; x_wconf 86' lang='lat' dir='ltr'><strong>dirigat</strong></span> <span class='ocrx_word' id='word_1_207' title='bbox 581 1649 749 1694; x_wconf 72' lang='lat' dir='ltr'><strong>stylumtu</strong></span> <span class='ocrx_word' id='word_1_208' title='bbox 783 1657 883 1691; x_wconf 84' lang='lat' dir='ltr'><strong>atque</strong></span> <span class='ocrx_word' id='word_1_209' title='bbox 915 1646 1084 1691; x_wconf 86' lang='lat' dir='ltr'><strong>triplicem</strong></span> <span class='ocrx_word' id='word_1_210' title='bbox 1117 1646 1201 1677; x_wconf 91' lang='lat' dir='ltr'><strong>hanc</strong></span> 
     </span>
     <span class='ocr_line' id='line_1_27' title="bbox 72 1707 1201 1755; baseline -0.004 -12"><span class='ocrx_word' id='word_1_211' title='bbox 72 1708 340 1755; x_wconf 73' lang='lat' dir='ltr'><strong>explanationem</strong></span> <span class='ocrx_word' id='word_1_212' title='bbox 365 1707 399 1740; x_wconf 87' lang='lat' dir='ltr'><strong>in</strong></span> <span class='ocrx_word' id='word_1_213' title='bbox 423 1707 551 1752; x_wconf 88' lang='lat' dir='ltr'><strong>reliqua</strong></span> <span class='ocrx_word' id='word_1_214' title='bbox 576 1709 726 1741; x_wconf 86' lang='lat' dir='ltr'><strong>Homilia</strong></span> <span class='ocrx_word' id='word_1_215' title='bbox 750 1709 972 1753; x_wconf 88' lang='lat' dir='ltr'><strong>persequitur.</strong></span> <span class='ocrx_word' id='word_1_216' title='bbox 1014 1708 1110 1750; x_wconf 86' lang='lat' dir='ltr'><strong>Quae</strong></span> <span class='ocrx_word' id='word_1_217' title='bbox 1130 1707 1201 1750; x_wconf 84' lang='lat' dir='ltr'><strong>qui-</strong></span> 
     </span>
     <span class='ocr_line' id='line_1_28' title="bbox 72 1768 1201 1815; baseline -0.005 -9"><span class='ocrx_word' id='word_1_218' title='bbox 72 1775 148 1806; x_wconf 90' lang='lat' dir='ltr'><strong>dem</strong></span> <span class='ocrx_word' id='word_1_219' title='bbox 172 1772 206 1804; x_wconf 88' lang='lat' dir='ltr'><strong>in</strong></span> <span class='ocrx_word' id='word_1_220' title='bbox 231 1768 386 1813; x_wconf 84' lang='lat' dir='ltr'><strong>Origenis</strong></span> <span class='ocrx_word' id='word_1_221' title='bbox 415 1769 551 1811; x_wconf 80' lang='lat' dir='ltr'><strong>gratiam</strong></span> <span class='ocrx_word' id='word_1_222' title='bbox 575 1771 617 1802; x_wconf 83' lang='lat' dir='ltr'><strong>ab</strong></span> <span class='ocrx_word' id='word_1_223' title='bbox 650 1770 888 1815; x_wconf 82' lang='lat' dir='ltr'><strong>interpretibus</strong></span> <span class='ocrx_word' id='word_1_224' title='bbox 921 1770 1063 1802; x_wconf 75' lang='lat' dir='ltr'><strong>conficta</strong></span> <span class='ocrx_word' id='word_1_225' title='bbox 1095 1778 1127 1801; x_wconf 82' lang='lat' dir='ltr'><strong>et</strong></span> <span class='ocrx_word' id='word_1_226' title='bbox 1151 1768 1201 1800; x_wconf 90' lang='lat' dir='ltr'><strong>in-</strong></span> 
     </span>
     <span class='ocr_line' id='line_1_29' title="bbox 70 1831 1199 1879; baseline -0.003 -12"><span class='ocrx_word' id='word_1_227' title='bbox 70 1835 237 1879; x_wconf 87' lang='lat' dir='ltr'><strong>terpolata</strong></span> <span class='ocrx_word' id='word_1_228' title='bbox 268 1844 310 1864; x_wconf 88' lang='lat' dir='ltr'><strong>ne</strong></span> <span class='ocrx_word' id='word_1_229' title='bbox 336 1843 504 1864; x_wconf 87' lang='lat' dir='ltr'><strong>caussere:</strong></span> <span class='ocrx_word' id='word_1_230' title='bbox 538 1844 615 1864; x_wconf 88' lang='lat' dir='ltr'><strong>ecce</strong></span> <span class='ocrx_word' id='word_1_231' title='bbox 647 1832 735 1864; x_wconf 89' lang='lat' dir='ltr'><strong>enim</strong></span> <span class='ocrx_word' id='word_1_232' title='bbox 767 1832 828 1864; x_wconf 88' lang='lat' dir='ltr'><strong>tibi</strong></span> <span class='ocrx_word' id='word_1_233' title='bbox 862 1832 958 1864; x_wconf 89' lang='lat' dir='ltr'><strong>illum</strong></span> <span class='ocrx_word' id='word_1_234' title='bbox 989 1832 1101 1864; x_wconf 80' lang='lat' dir='ltr'><strong>Tomo</strong></span> <span class='ocrx_word' id='word_1_235' title='bbox 1126 1831 1199 1864; x_wconf 86' lang='lat' dir='ltr'><strong>XV.</strong></span> 
     </span>
     <span class='ocr_line' id='line_1_30' title="bbox 71 1892 1199 1938; baseline -0.004 -9"><span class='ocrx_word' id='word_1_236' title='bbox 71 1897 105 1929; x_wconf 93' lang='lat' dir='ltr'><strong>in</strong></span> <span class='ocrx_word' id='word_1_237' title='bbox 130 1894 249 1928; x_wconf 73' lang='lat' dir='ltr'><strong>Manh.</strong></span> <span class='ocrx_word' id='word_1_238' title='bbox 274 1906 363 1926; x_wconf 87' lang='lat' dir='ltr'><strong>num.</strong></span> <span class='ocrx_word' id='word_1_239' title='bbox 391 1893 442 1926; x_wconf 86' lang='lat'><strong>15.</strong></span> <span class='ocrx_word' id='word_1_240' title='bbox 467 1892 593 1925; x_wconf 82' lang='lat' dir='ltr'><strong>dictum</strong></span> <span class='ocrx_word' id='word_1_241' title='bbox 620 1893 683 1926; x_wconf 91' lang='lat' dir='ltr'><strong>hoc</strong></span> <span class='ocrx_word' id='word_1_242' title='bbox 711 1894 850 1927; x_wconf 85' lang='lat' dir='ltr'><strong>Christi:</strong></span> <span class='ocrx_word' id='word_1_243' title='bbox 884 1894 984 1938; x_wconf 77' lang='lat' dir='ltr'><strong>»Si²)</strong></span> <span class='ocrx_word' id='word_1_244' title='bbox 1017 1893 1064 1925; x_wconf 87' lang='lat' dir='ltr'><strong>vis</strong></span> <span class='ocrx_word' id='word_1_245' title='bbox 1088 1893 1199 1937; x_wconf 86' lang='lat' dir='ltr'><strong>perfe-</strong></span> 
     </span>
     <span class='ocr_line' id='line_1_31' title="bbox 72 1954 1199 2000; baseline -0.003 -11"><span class='ocrx_word' id='word_1_246' title='bbox 72 1967 143 1989; x_wconf 83' lang='lat' dir='ltr'><strong>ctus</strong></span> <span class='ocrx_word' id='word_1_247' title='bbox 167 1968 248 1994; x_wconf 89' lang='lat' dir='ltr'><strong>esse,</strong></span> <span class='ocrx_word' id='word_1_248' title='bbox 273 1954 366 1993; x_wconf 80' lang='lat' dir='ltr'><strong>vade,</strong></span> <span class='ocrx_word' id='word_1_249' title='bbox 392 1954 497 1986; x_wconf 80' lang='lat' dir='ltr'><strong>vende</strong></span> <span class='ocrx_word' id='word_1_250' title='bbox 522 1967 606 1998; x_wconf 81' lang='lat' dir='ltr'><strong>quae</strong></span> <span class='ocrx_word' id='word_1_251' title='bbox 630 1955 742 1996; x_wconf 82' lang='lat' dir='ltr'><strong>habes,</strong></span> <span class='ocrx_word' id='word_1_252' title='bbox 768 1965 799 1988; x_wconf 90' lang='lat' dir='ltr'><strong>et</strong></span> <span class='ocrx_word' id='word_1_253' title='bbox 820 1957 860 1988; x_wconf 80' lang='lat' dir='ltr'><strong>da</strong></span> <span class='ocrx_word' id='word_1_254' title='bbox 881 1955 1129 2000; x_wconf 84' lang='lat' dir='ltr'><strong>pauperibus:«</strong></span> <span class='ocrx_word' id='word_1_255' title='bbox 1158 1955 1199 1986; x_wconf 86' lang='lat' dir='ltr'><strong>ad</strong></span> 
     </span>
    </p>
   </div>
   <div class='ocr_carea' id='block_1_3' title="bbox 73 2015 1198 2062">
    <p class='ocr_par' dir='ltr' id='par_1_3' title="bbox 73 2015 1198 2062">
     <span class='ocr_line' id='line_1_32' title="bbox 73 2015 1198 2062; baseline -0.004 -10"><span class='ocrx_word' id='word_1_256' title='bbox 73 2018 280 2060; x_wconf 82' lang='lat' dir='ltr'><strong>allegoriam,</strong></span> <span class='ocrx_word' id='word_1_257' title='bbox 303 2025 413 2059; x_wconf 81' lang='lat' dir='ltr'><strong>spreta</strong></span> <span class='ocrx_word' id='word_1_258' title='bbox 439 2015 534 2049; x_wconf 82' lang='lat' dir='ltr'><strong>litera</strong></span> <span class='ocrx_word' id='word_1_259' title='bbox 559 2018 710 2050; x_wconf 80' lang='lat' dir='ltr'><strong>converti</strong></span> <span class='ocrx_word' id='word_1_260' title='bbox 735 2027 913 2058; x_wconf 84' lang='lat' dir='ltr'><strong>vetantem,</strong></span> <span class='ocrx_word' id='word_1_261' title='bbox 938 2027 970 2051; x_wconf 90' lang='lat' dir='ltr'><strong>et</strong></span> <span class='ocrx_word' id='word_1_262' title='bbox 1000 2030 1041 2050; x_wconf 85' lang='lat' dir='ltr'><strong>ne</strong></span> <span class='ocrx_word' id='word_1_263' title='bbox 1067 2016 1139 2062; x_wconf 86' lang='lat' dir='ltr'><strong>quis</strong></span> <span class='ocrx_word' id='word_1_264' title='bbox 1163 2016 1198 2048; x_wconf 85' lang='lat' dir='ltr'><strong>id</strong></span> 
     </span>
    </p>
   </div>
   <div class='ocr_carea' id='block_1_4' title="bbox 184 2128 335 2133">
    <p class='ocr_par' dir='ltr' id='par_1_4' title="bbox 184 2128 335 2133">
     <span class='ocr_line' id='line_1_33' title="bbox 184 2128 335 2133; baseline 0 0"><span class='ocrx_word' id='word_1_265' title='bbox 184 2128 335 2133; x_wconf 95' lang='lat' dir='ltr'><strong> </strong></span> 
     </span>
    </p>
   </div>
   <div class='ocr_carea' id='block_1_5' title="bbox 169 2199 918 2248">
    <p class='ocr_par' dir='ltr' id='par_1_5' title="bbox 169 2199 918 2248">
     <span class='ocr_line' id='line_1_34' title="bbox 169 2199 918 2248; baseline 0.007 -16"><span class='ocrx_word' id='word_1_266' title='bbox 169 2199 198 2245; x_wconf 86' lang='lat'><strong>¹)</strong></span> <span class='ocrx_word' id='word_1_267' title='bbox 223 2201 308 2233; x_wconf 82' lang='lat' dir='ltr'><strong>Edd.</strong></span> <span class='ocrx_word' id='word_1_268' title='bbox 334 2200 465 2233; x_wconf 69' lang='lat' dir='ltr'><strong>Huetii:</strong></span> <span class='ocrx_word' id='word_1_269' title='bbox 492 2215 635 2245; x_wconf 82' lang='lat' dir='ltr'><strong>quorum</strong></span> <span class='ocrx_word' id='word_1_270' title='bbox 661 2205 831 2248; x_wconf 78' lang='lat' dir='ltr'><strong>correptio</strong></span> <span class='ocrx_word' id='word_1_271' title='bbox 858 2215 918 2236; x_wconf 85' lang='lat' dir='ltr'><strong>etc.</strong></span> 
     </span>
    </p>
   </div>
   <div class='ocr_carea' id='block_1_6' title="bbox 160 2257 530 2302">
    <p class='ocr_par' dir='ltr' id='par_1_6' title="bbox 160 2257 530 2302">
     <span class='ocr_line' id='line_1_35' title="bbox 160 2257 530 2302; baseline 0 -11"><span class='ocrx_word' id='word_1_272' title='bbox 160 2258 193 2302; x_wconf 79' lang='lat'><strong>²)</strong></span> <span class='ocrx_word' id='word_1_273' title='bbox 221 2259 338 2291; x_wconf 52' lang='grc' dir='ltr'>Μηιιι..</span> <span class='ocrx_word' id='word_1_274' title='bbox 364 2257 455 2296; x_wconf 62' lang='lat' dir='ltr'><strong>xm,</strong></span> <span class='ocrx_word' id='word_1_275' title='bbox 479 2258 530 2291; x_wconf 80' lang='lat'><strong>21.</strong></span> 
     </span>
    </p>
   </div>
  </div>
 </body>
</html>
