1403 2492
193 87 262 124 258
525 88 638 122 Pit-rm
663 89 837 123 DANOELIS
863 91 995 126 llum-n

199 192 270 213 esne
293 179 414 220 tradit,
443 179 535 224 quod
561 188 593 212 et
618 178 652 211 in
677 180 805 213 llomil.
831 181 904 214 Vll.
935 181 969 213 in
995 182 1100 214 Levit.
1125 195 1216 216 num.
1241 184 1272 217 4.
1299 193 1329 215 et

197 255 271 287 seq.
295 240 410 274 multis
434 240 592 274 inculcat.
640 241 818 274 Praeterea
842 242 994 276 Humilia
1016 244 1134 276 eadem
1153 245 1214 277 lll.
1239 257 1330 277 num.

196 305 228 338 8.
254 312 474 348 praeceptum
500 303 644 337 Levitici
669 316 859 347 exponens,
884 305 977 348 quod
1009 318 1071 349 pro
1097 315 1238 350 peccato
1263 319 1331 338 non

199 375 387 410 spontaneo
414 365 554 398 arietem
577 365 832 398 immaculatum
863 366 947 398 siclo
980 376 1095 399 sancto
1128 377 1254 400 emtum
1281 368 1333 399 os·

198 428 280 460 serri
305 428 409 473 jubet,
433 428 618 461 secundum
644 428 776 460 literam
801 429 982 460 absurdum
1014 429 1048 461 id
1074 441 1144 461 esse
1172 428 1335 467 decernit,

200 500 233 523 et
264 491 306 523 ad
337 489 546 534 spiritualem
578 488 824 533 expositionem
856 490 968 523 trahit.
1024 489 1174 523 [lomina
1202 491 1255 522 lV.
1292 491 1333 522 ad

198 553 395 585 mandatum
419 551 461 584 dc
484 551 625 597 azymis,
663 564 746 596 quae
779 552 930 596 quisquis
962 552 1127 594 tetig'erit,
1150 552 1335 584 sanctifica-

201 624 273 648 tum
304 613 346 646 iri
378 614 431 646 lex
461 613 584 653 sancit,
622 613 670 646 sic
701 613 746 645 ait
776 626 867 646 num.
900 614 930 647 7.
988 614 1197 647 »Enimvero
1235 615 1332 646 nullo

201 677 307 709 modo
334 675 387 707 vel
412 675 460 707 rei
483 683 620 714 natura,
652 674 705 706 vel
738 675 860 707 veritas
890 674 1064 717 religionis
1098 676 1163 709 hoc
1193 676 1334 720 recipit;

202 748 236 771 et
261 738 339 770 ideo
371 737 584 769 redeundum
614 736 712 769 nobis
745 746 794 769 est
825 737 866 769 ad
899 737 1128 781 expositiones
1159 737 1335 780 Evangeli-

203 814 267 840 cas,
291 810 391 844 atque
419 798 644 843 Apostolicas,
669 807 706 830 ut
732 799 783 830 lex
808 799 914 843 possit
939 799 1091 841 intelligi.
1148 800 1220 833 Nisi
1245 800 1334 832 enim

201 864 355 896 velamen
379 860 556 894 abstulerit
578 860 801 903 Evangelium
827 862 868 894 de
892 861 978 894 facie
1003 862 1128 901 Musis,
1162 875 1231 894 non
1256 871 1336 906 pot-

203 933 252 957 est
283 922 389 956 videri
421 923 533 955 vultus
566 921 659 968 ejus,
694 936 755 955 nec
786 936 902 963 sensns
936 922 1006 968 ejus
1039 922 1192 966 intelligi.
1246 924 1333 957 Vide

200 999 293 1028 ergo,
319 985 495 1030 quomodo
520 983 554 1016 in
579 983 720 1016 ecclesia
744 985 993 1028 Apostolorum
1024 985 1184 1030 discipuli
1215 987 1335 1019 adsunt

202 1048 269 1088 his,
301 1060 386 1092 quac
416 1047 533 1079 Moses
556 1045 706 1089 scripsit,
739 1055 772 1078 et
796 1046 983 1079 defendunt
1008 1060 1065 1086 ea,
1096 1049 1187 1092 quod
1215 1058 1247 1081 et
1273 1048 1335 1080 im-

202 1109 291 1155 pleri
323 1117 464 1153 queant,
495 1117 526 1139 itt
557 1106 806 1140 rationabiliter
836 1109 959 1152 scripta
991 1119 1084 1142 sunt:
1121 1110 1333 1143 Judaeorum

203 1183 283 1204 vero
318 1172 495 1208 doctores,
521 1178 554 1200 et
579 1168 803 1212 impossibilia
836 1170 918 1202 haee
949 1180 982 1202 et
1011 1170 1255 1204 irrationabilia
1283 1186 1335 1205 se-

203 1242 343 1278 quentes
374 1232 506 1264 literam
538 1230 709 1264 faciuntz«
729 1231 760 1276 ¹)
799 1231 921 1276 quibus
952 1232 1139 1266 consimilia
1171 1234 1336 1267 habentur

202 1294 333 1331 Homil,
359 1294 419 1326 lx.
444 1305 479 1326 m
509 1294 614 1326 Josut·
645 1306 735 1325 num.
761 1293 792 1327 4.
840 1294 932 1326 Haec
963 1293 1101 1339 insuper
1130 1306 1336 1329 commenta—

202 1365 258 1389 tur
281 1354 434 1388 Humilia
459 1356 497 1387 V.
530 1354 563 1388 in
597 1356 701 1387 Levit.
726 1368 817 1387 num.
844 1356 871 1389 1.
903 1356 944 1388 ad
977 1357 1084 1389 Mosis
1114 1368 1334 1403 praeceptum

204 1420 246 1451 de
269 1418 378 1450 hostia
402 1431 465 1462 pro
491 1427 650 1462 peccata,
686 1417 779 1461 quod
816 1427 920 1450 exstat
952 1418 1091 1452 Levitic.
1117 1420 1184 1460 Vl,
1215 1420 1268 1454 25.
1301 1430 1331 1453 et

202 1493 270 1524 seq.
320 1480 431 1512 »Haec
456 1479 567 1511 omnia
593 1479 653 1511 nisi
678 1478 745 1510 alio
770 1492 868 1511 sensu
893 1479 1107 1523 accipiamus,
1132 1494 1231 1525 quam
1258 1482 1332 1514 lite-

202 1554 258 1574 rae
281 1550 390 1573 textus
414 1540 578 1580 ostendit,
609 1540 695 1572 sieut
719 1553 818 1584 saepe
844 1540 908 1585 jam
934 1542 1093 1582 diximus,
1119 1556 1194 1574 cum
1220 1543 1252 1575 in
1279 1556 1333 1576 ec-

204 1602 304 1635 clesia
327 1602 521 1641 recitantur,
547 1602 756 1634 obstaculum
783 1603 884 1643 magis
911 1612 941 1634 et
966 1590 1219 1637 subversionem
1238 1605 1333 1638 Chri-

203 1664 327 1698 stianae
351 1664 519 1706 religioni,
544 1662 690 1708 quam'²)
715 1664 962 1702 hortationem,
993 1666 1332 1712 aedificationemque

201 1727 428 1771 praestabunt.
440 1741 456 1756 α
523 1726 628 1758 Addit
677 1726 897 1769 postmodum
936 1727 1144 1771 Scripturam
1181 1740 1331 1762 constare

203 1800 361 1832 corpore,
385 1787 506 1827 anima,
530 1796 562 1819 et
587 1786 726 1831 spiritu;
751 1786 844 1819 litera
872 1788 1030 1820 nimirum
1056 1802 1172 1829 sensu,
1202 1791 1259 1835 qui
1283 1791 1331 1823 in-

202 1859 252 1882 tra
275 1849 382 1894 ipsam
407 1846 687 1894 deprehenditur,
718 1858 749 1880 et
774 1850 892 1881 umbra
916 1851 1060 1893 quadam
1083 1865 1194 1884 rerum
1220 1854 1332 1885 coele-

203 1911 323 1952 stium;
345 1924 469 1956 corpus
493 1910 568 1943 usui
592 1909 691 1942 fuisse
717 1909 767 1947 iis,
793 1910 849 1953 qni
883 1924 943 1943 nos
977 1924 1246 1955 praecesserunt,
1269 1928 1331 1947 no-

203 1972 255 2005 bis
277 1972 433 2012 animam,
457 1973 612 2016 spiritum
640 1971 689 2010 iis,
715 1971 772 2015 qui
798 1972 980 2005 coelestem
995 1975 1233 2008 haereditatem
1250 1989 1329 2009 con-

204 2044 402 2079 sequentur:
427 2034 540 2066 multis
566 2032 687 2065 deinde
714 2031 895 2076 interjectis
921 2035 966 2067 ait
989 2049 1080 2069 num.
1105 2038 1156 2070 5,;
1183 2038 1331 2082 »Tripli-

204 2108 277 2128 cern
308 2108 453 2140 namque
484 2095 517 2128 in
549 2093 733 2138 Scripturis
764 2094 885 2127 divinis
918 2097 1159 2140 intelligentia(-
1189 2099 1330 2132 inveniri

298 2230 330 2273 1)
356 2229 418 2263 Ed.
445 2230 565 2263 Ruaei:
591 2230 722 2262 saciant.

295 2287 330 2330 ²)
355 2286 440 2320 Edd.
466 2286 598 2319 fluetii:
626 2300 725 2330 quam
753 2286 926 2319 rationem.
