1403 2492
180 107 249 144 256
520 110 631 145 Pss'rm
664 112 836 145 Daunius
861 112 994 148 Hom-n

182 209 216 232 et
241 199 502 245 Chrysostomus
527 201 656 234 Homil.
682 201 777 234 Xlll.
812 203 845 234 in
879 202 1019 244 Genea„
1052 213 1084 237 et
1115 206 1318 248 Augustinus

182 262 258 295 libr.
282 261 379 295 Xlll.
404 262 446 294 de
473 262 574 296 Civit.
599 263 678 303 Dei,
705 276 775 307 cap.
792 263 861 304 21„
886 274 919 297 et
951 265 1028 298 libr.
1053 266 1144 300 tht.
1176 268 1219 300 de
1249 268 1319 302 Ge-

179 337 250 358 nes.
275 325 318 356 ad
342 323 430 358 liter.
456 337 528 369 cap.
555 326 598 366 1.,
623 335 656 357 et
675 325 866 358 Anastasius
883 326 1014 360 Sinaita
1041 327 1115 361 libr.
1132 330 1205 364 vu.
1231 332 1319 363 Ana-

180 399 255 428 gog.
281 386 530 431 Contemplat.,
562 397 595 419 et
627 385 780 420 Michae'l
815 387 938 433 Glycas
969 389 1092 422 Annal.
1116 400 1201 435 part.
1217 391 1261 431 4.,
1286 401 1319 425 et

180 448 314 481 Nicetas
330 447 511 482 Choniates
536 449 569 480 in
596 448 771 494 Thesauro
798 449 934 483 orthod.
956 450 1013 484 fid.
1041 451 1115 486 libr.
1133 453 1192 486 IV.
1216 453 1317 487 Haer.

179 510 254 551 31.,
286 519 319 543 et
343 510 393 543 his
425 511 583 543 omuibus
607 510 781 555 antiquior
803 510 999 545 Eustathius
1023 513 1258 557 1>ntiochenus
1283 514 1319 547 in

179 572 269 605 libro
302 573 344 604 de
375 572 668 618 Engastrimyt1103
701 572 795 618 cujus
828 573 1036 608 incursiones
1066 574 1101 609 in
1133 575 1318 619 Origenem

179 645 213 668 et
237 635 379 668 assultus
401 635 488 667 infra
512 634 745 668 retundemus.

269 697 314 729 ll.
360 697 487 729 Jurene
512 709 553 728 an
578 695 699 742 injuria
725 696 765 729 lis
790 709 828 729 ea
847 697 1006 731 adversus
1024 697 1206 741 Origenem
1223 710 1318 734 mota

176 759 230 800 sit,
255 759 439 793 videamus.
487 760 596 803 Saepe
622 757 762 803 quidem
792 758 991 793 historicum
1019 774 1155 794 sensum
1178 763 1318 807 procul-

177 822 322 855 candum
352 834 390 854 ac
429 821 720 854 contemnendum
753 833 824 853 esse
865 822 986 855 docet:
1026 823 1119 857 velut
1150 824 1226 858 libr.
1259 824 1316 858 VI.

177 892 285 917 contr.
322 883 411 917 Cels.
443 896 535 916 num.
569 883 622 917 70.
676 881 725 917 Τὸ
757 881 915 930 γράμμα
943 884 1169 926 ἀποκτείνει,
1204 884 1244 921 τὸ
1275 887 1317 921 δὲ

175 948 323 989 πνεῦμα
349 948 530 983 ζωοποιεῖ.
581 942 740 990 Γράμμα
771 945 842 989 μὲν
871 945 937 990 τ’ἦν
961 946 1139 991 αἰσθητὴν
1163 946 1315 994 ὠνόμα-

175 1021 240 1044 σεν
271 1006 429 1052 ἐκδοχὴν
460 1008 532 1041 τῶν
570 1010 683 1041 θείων
714 1006 961 1053 γραμμάτων,
1001 1012 1150 1053 πνεῦμα
1178 1010 1219 1044 δὲ
1250 1009 1315 1053 τὴν

175 1068 318 1113 νοητήν.
376 1069 506 1101 Ibidem
539 1081 631 1101 num.
656 1067 710 1102 60.
745 1079 779 1102 et
802 1069 855 1104 61.
894 1070 1086 1116 imperitiae
1111 1084 1169 1104 eos
1195 1071 1314 1114 arguit,

174 1131 232 1176 qui
264 1132 364 1163 rebus
395 1130 614 1174 procreandis
646 1143 700 1162 sex
735 1144 832 1164 veros
865 1132 936 1165 dies
971 1133 1085 1165 Deum
1121 1133 1314 1166 insumsisse

172 1203 311 1239 putant:
339 1202 371 1225 et
396 1193 472 1226 libr.
501 1193 574 1225 Vll.
601 1206 693 1225 num.
720 1192 775 1227 20.
802 1194 963 1226 refellens
988 1193 1144 1237 Celsum,
1181 1195 1240 1241 qui
1263 1195 1314 1228 in—

173 1256 289 1289 stituta
315 1256 481 1300 quaedam
507 1254 633 1303 Christi
656 1255 828 1288 mosaicae
855 1255 921 1298 legi
953 1257 1120 1290 contraria
1151 1270 1221 1291 esse
1251 1271 1315 1303 pu-

172 1314 503 1362 gnabat,¹dupliccm
530 1330 600 1350 esse
624 1317 732 1359 legem
754 1318 949 1362 respondet,
973 1319 1112 1352 alteram
1129 1319 1221 1365 juxta
1236 1319 1312 1352 lite-

171 1393 255 1420 ram,
279 1381 418 1413 alteram
444 1379 534 1426 juxta
560 1379 793 1412 intellectum:
827 1379 947 1422 legem,
972 1393 1058 1425 quae
1083 1391 1133 1415 est
1157 1379 1248 1426 πρὸς
1271 1381 1311 1416 ui

171 1441 299 1490 ῥητόν,
331 1443 373 1474 ab
404 1441 634 1484 Ezechiele¹)
666 1441 832 1486 appellari
865 1441 1093 1488 δικαιώματα
1126 1443 1169 1478 οὗ
1203 1442 1309 1487 καλὰ,

170 1506 232 1538 καὶ
256 1503 524 1549 προστάγματα
553 1503 594 1537 οὐ
610 1502 720 1537 καλά·
746 1512 778 1535 at
796 1503 915 1545 legem,
942 1517 1026 1549 quae
1045 1515 1095 1538 est
1110 1503 1202 1550 πρὸς
1225 1506 1310 1540 διεί-

168 1578 287 1609 νοιαν,
314 1566 355 1598 ab
381 1565 502 1597 eodem
527 1565 695 1610 propheta
727 1563 954 1610 δικαιώματα
986 1565 1097 1610 καλά,
1124 1575 1165 1599 -et
1195 1580 1309 1612 προς-

167 1625 337 1673 τιὲγματα
364 1626 455 1661 καλά
491 1627 689 1672 nuncupari.
744 1627 839 1659 Idem
871 1627 998 1661 Homil.
1025 1629 1082 1661 Vl.
1116 1629 1149 1660 in
1182 1628 1308 1663 Genes-

167 1703 259 1722 num.
285 1689 316 1724 3.
369 1689 486 1733 »Quae
511 1689 628 1729 nobis,
662 1688 790 1733 inquit,
817 1688 1007 1722 aedificatio
1034 1690 1097 1723 erit
1120 1690 1307 1733 legentibus

168 1753 344 1786 Abraham
370 1761 500 1784 tantum
524 1751 869 1796 patriarcham„non
893 1752 1006 1784 solum
1030 1752 1212 1785 mentitum
1236 1766 1306 1787 esse

166 1815 367 1848 Abimelech
399 1814 487 1856 regi,
525 1814 582 1846 sed
616 1823 647 1846 et
678 1813 877 1858 pudicitiam
910 1813 1062 1860 conjugis
1093 1814 1308 1859 prodidisse?

167 1876 262 1920 Quid
289 1890 349 1909 nos
375 1877 529 1909 aedificat
554 1875 638 1909 tanti
664 1876 872 1921 patriarchae
897 1890 992 1916 uxor,
1017 1875 1044 1909 si
1062 1886 1200 1922 putetur
1225 1890 1307 1910 con-

165 1939 444 1972 taminationibus
493 1938 644 1983 exposita
688 1950 748 1982 por
796 1938 1046 1970 conniventiam
1089 1939 1305 1974 maritalem?

165 2001 258 2034 Haec
283 2001 404 2033 Judaei
431 2010 561 2045 putent,
588 2009 619 2032 et
647 2000 673 2031 si
699 2000 755 2044 qui
783 2014 859 2032 cum
884 2000 924 2032 iis
950 2010 1026 2033 sunt
1050 2000 1168 2033 literae
1193 2002 1304 2042 amici,

164 2076 234 2095 non
267 2063 449 2107 spiritus:«
488 2072 519 2095 et
551 2062 678 2095 Homil.
705 2062 746 2094 X.
781 2062 934 2106 sequenti
967 2076 1059 2096 num.
1085 2063 1116 2097 4.
1173 2063 1304 2108 »Saepe

163 2124 230 2169 jam
256 2125 343 2165 dixi,
370 2127 460 2169 quod
487 2125 519 2157 in
546 2124 593 2157 his
627 2137 694 2156 non
729 2124 887 2156 historiae
920 2134 1110 2158 narrantur:
1142 2126 1201 2158 sed
1232 2138 1303 2171 my-

163 2186 262 2218 steria
289 2196 540 2219 contexuntur«
594 2185 742 2218 Humilia
777 2200 855 2219 vcro
882 2188 925 2219 ll.
960 2187 991 2219 in
1017 2187 1124 2220 Exod.
1151 2200 1243 2220 num.
1270 2188 1298 2221 1.

261 2315 290 2361 ¹)
319 2316 386 2349 ess.
420 2316 539 2348 Εω-ι..
568 2314 644 2352 xx,
669 2314 721 2348 25.

265 2452 278 2461 ο
