1403 2492
364 535 766 581 Exeursus
816 532 902 579 ΙΧ.

419 661 505 705 (Csr.
531 673 603 704 pag.
632 659 686 694 68.
711 669 782 692 not.
809 659 856 702 1.)

70 751 168 798 Cum
202 767 378 799 accusandi
411 767 568 809 Origenis
599 767 738 799 materia
775 776 808 798 et
840 780 876 798 ex
911 765 1002 797 libris
1035 778 1052 797 a
1077 764 1201 796 Rufino

70 831 309 876 interpretatis,
335 830 402 875 qui,
427 840 464 862 ut
481 830 552 874 ipse
568 830 613 862 ait
627 831 780 868 Huetius‚
805 842 924 874 parum
944 829 1083 870 Origeni
1109 842 1204 873 prae-

69 893 217 937 iudicare
243 894 385 932 debent,
410 902 443 925 et
468 906 506 924 ex
532 892 718 924 Catholicis
749 893 790 924 de
820 892 928 923 libero
960 891 1098 924 arbitrio
1130 904 1206 923 sen-

68 955 180 987 tentiis
205 956 356 987 desumta
381 955 434 993 sit,
459 954 574 986 mirari
598 954 674 986 satis
705 967 773 986 non
806 967 962 997 possum,
995 967 1056 985 cur
1080 952 1205 985 eruditi

69 1016 132 1048 viri
156 1016 190 1048 in
216 1017 265 1048 his
281 1016 394 1049 Rufini
419 1014 756 1060 interpretationibus
770 1013 984 1053 inhaeserint,
1010 1023 1204 1045 contextum

71 1077 227 1120 Origenis
253 1078 382 1110 Graece
408 1086 590 1109 exstantem
617 1076 840 1118 neglexerint,
874 1085 906 1107 et
932 1088 1015 1119 quae
1040 1076 1080 1107 ad
1106 1075 1206 1107 liberi

71 1140 200 1171 arbitrii
226 1139 457 1172 defensionem
484 1147 601 1170 contra
625 1138 836 1170 detestandas
860 1137 1012 1169 haereses
1030 1136 1205 1169 Catholice

48 1228 55 1233 t
72 1201 230 1245 disputat,
255 1214 292 1233 ea
317 1201 358 1232 ad
383 1199 533 1232 haeresin
558 1199 790 1240 Pelagianam,
821 1208 878 1230 aut
907 1198 1025 1230 saltem
1053 1198 1208 1242 Semipe-

71 1262 232 1304 lagianam
268 1262 489 1302 detorserin13
522 1274 605 1305 quae
640 1274 720 1292 vero
752 1259 915 1292 sexcentis
948 1260 1031 1292 locis
1064 1261 1105 1292 de
1137 1273 1208 1301 gra-

71 1324 176 1357 tuitae
202 1334 235 1356 et
259 1324 406 1356 efficacis
438 1323 560 1365 gratiae
592 1323 789 1355 necessitate
820 1322 993 1363 magnifice
1025 1321 1208 1365 praedicat,

72 1399 114 1418 ne
139 1385 257 1428 legisse
283 1385 420 1430 quidem
453 1394 509 1417 aut
539 1384 813 1416 animadvertisse
843 1384 1031 1415 videantur.
1086 1383 1209 1416 Faten-

75 1448 155 1480 dum
179 1460 257 1479 sane
283 1456 340 1487 est,
366 1447 459 1491 quod
484 1446 646 1487 Origenes
673 1459 710 1478 ex
735 1446 920 1477 animarum
952 1445 1210 1489 praeexistentia

76 1509 232 1553 opinatus
258 1517 326 1548 est,
358 1508 391 1540 id
423 1508 450 1540 si
476 1507 709 1539 vehementius
743 1516 918 1548 urgeatur,
952 1506 1209 1539 consecutiones

75 1570 198 1602 habere
234 1583 310 1602 cum
345 1570 523 1603 Catholico
558 1570 714 1611 dogmate
748 1577 942 1613 pugnantes.
1005 1569 1074 1601 Sed
1106 1581 1208 1600 nemo

74 1632 193 1671 nescit,
219 1631 367 1676 optimos
391 1631 480 1663 viros
505 1644 603 1675 saepe
636 1631 668 1663 in
702 1641 812 1663 errato
845 1631 959 1675 aliquo
998 1629 1042 1662 ita
1075 1630 1210 1669 versari,

75 1703 114 1726 ut
138 1706 222 1737 quae
247 1706 284 1724 ex
320 1705 360 1724 eo
387 1702 656 1737 consequuntur,
684 1691 824 1724 minime
856 1691 1048 1724 defendant.
1105 1691 1210 1734 Quod

76 1754 103 1788 si
128 1767 269 1799 usquam
295 1754 375 1786 alias
400 1766 516 1786 verum
540 1753 622 1792 suit,
655 1762 744 1785 certe
777 1752 810 1785 in
836 1752 983 1794 Origene
1009 1754 1211 1797 comproba-

78 1826 150 1857 tur,
184 1816 242 1861 qui
272 1829 366 1848 suam
396 1816 492 1848 illam
517 1817 558 1848 de
583 1815 770 1847 animarum
794 1813 1051 1858 praeexistentia
1076 1814 1211 1859 opinio-

77 1892 167 1918 nem,
190 1887 230 1911 ut
253 1877 468 1923 probabilem
492 1877 742 1922 conjecturam,
774 1889 812 1908 re
835 1889 904 1908 non
929 1875 1057 1915 decisa,
1081 1889 1213 1920 propo-

76 1942 146 1981 nit;
169 1949 202 1973 at
225 1941 318 1972 nulla
342 1940 453 1972 habita
477 1939 609 1972 ratione
634 1938 730 1982 hujus
756 1937 956 1976 commenti,
994 1937 1117 1970 Christi
1140 1951 1212 1980 gra-

79 2002 172 2042 tiam,
195 2015 352 2044 magnum
378 2002 465 2034 illud
488 2002 555 2034 Dei
580 2000 740 2034 incarnati
773 2009 805 2032 et
839 1998 988 2031 crucifixi
1018 2012 1139 2031 munus
1163 1999 1212 2032 sic

81 2064 230 2108 exponit,
253 2063 300 2096 sic
326 2063 493 2103 defendit,
517 2073 555 2095 ut
579 2064 619 2095 ab
646 2075 685 2094 eo
712 2062 784 2094 fieri
809 2074 869 2106 par
894 2070 979 2100 erat,
1006 2060 1062 2104 qui
1088 2060 1122 2093 in
1147 2062 1212 2093 hoc

80 2124 318 2157 incarnationis
343 2124 507 2169 mysterio
540 2133 573 2156 et
602 2124 817 2163 meditando,
852 2132 883 2155 et
907 2122 1154 2167 praedicando,
1180 2133 1211 2155 et

82 2195 197 2218 contra
220 2187 378 2227 Judmzos,
403 2185 575 2226 Ethnic0s‚
601 2195 634 2218 et
657 2185 854 2218 Haereticos
871 2184 1085 2217 defendendo
1112 2184 1212 2216 vitam

82 2247 275 2280 consumsit.
