1403 2492
153 84 220 119 336
635 83 825 117 Excunsus

154 189 209 209 ται
238 175 349 209 αὐτοῦ
376 173 440 216 τὴν
465 172 605 207 λαλιάν.
642 173 691 206 Ex
717 173 767 206 his
781 182 873 218 patet
892 173 1086 215 Origenem,
1113 173 1193 206 dum
1219 172 1296 206 hae-

153 237 278 269 reticos
303 235 440 274 refellit,
467 237 499 268 in
527 237 734 268 contrarium
761 248 912 268 errorem
943 248 1012 268 non
1046 248 1198 275 currere.
1235 235 1294 268 sed

154 300 276 341 dogma
303 298 519 331 Catlsolicum
545 298 794 330 accuratissime
819 298 1012 331 defendere.
1060 297 1155 331 Hanc
1181 298 1296 330 haerv-

152 361 210 393 tici
237 374 368 393 causam
393 361 599 399 asserebant,
637 374 695 392 cur
720 360 777 392 alii
805 362 999 399 crederent,
1025 373 1092 392 non
1118 360 1294 392 crederent

152 424 223 463 alii,
248 424 341 468 qnod
368 423 420 455 isti
447 422 630 466 spiritualis
655 431 763 454 essent
789 432 945 461 naturae,
970 423 1002 454 hi
1024 435 1104 454 vero
1121 421 1292 454 animalis:

153 496 269 519 contra
296 485 461 526 Origenes
487 484 698 522 surditatem,
723 497 822 528 quarn
849 484 902 516 isti
927 483 1127 517 animalibus
1152 483 1295 525 affinge-

150 550 243 587 bant,
269 548 426 579 omnibns
451 546 610 588 adsignat,
636 559 781 590 quorum
797 546 948 579 Christus
973 546 1107 578 vincula
1130 558 1199 578 non
1223 544 1291 577 sol-

156 611 220 651 vit3
258 611 360 642 sidem
393 622 460 641 non
493 619 648 647 naturae,
689 609 748 640 sed
781 608 905 649 gratiae
935 609 1065 641 donum
1089 621 1159 640 esse
1184 607 1217 640 in
1243 606 1292 644 iis,

152 673 210 718 qui
236 673 394 711 ert-duim
430 671 649 715 pertinaciam
682 670 716 703 in
750 670 808 709 iis,
846 670 903 715 qui
935 684 1003 703 non
1030 671 1188 709 credunt,
1221 681 1290 701 nou

149 744 289 768 naturae
313 733 510 778 adjunctum
537 747 606 765 esse
632 732 887 777 proprietatem,
911 734 970 765 sed
989 746 1006 765 a
1022 733 1125 775 gratia
1140 730 1292 777 superari

149 811 249 842 posse
276 796 462 829 contendit.
513 795 696 837 Quodnam
721 794 822 836 igitur
847 794 926 828 fidei
950 795 1083 828 initium
1109 792 1291 835 excogitari

148 869 274 905 potest,
300 859 392 903 quod
418 871 486 889 non
512 857 676 898 Origenes
703 857 827 889 Christi
853 858 975 907 gratiae
1000 867 1177 902 acceptum
1202 855 1291 888 rese-

148 930 210 961 rat,
235 920 262 953 si
295 920 432 965 quiden»
458 919 630 952 neminem
658 933 725 951 uon
753 920 901 958 credere,
926 921 984 952 scd
1010 933 1050 951 ne
1073 918 1189 951 audire
1215 916 1290 961 qni-

149 985 226 1016 dem
262 993 295 1015 et
326 981 514 1023 intelligere
552 995 651 1026 posse
690 981 854 1020 declarat,
896 982 959 1014 nisi
997 982 1148 1015 Christus
1180 979 1286 1011 dicat:

150 1044 408 1089 »Ada1›erii*e?«
430 1046 459 1088 ¹)

239 1108 301 1140 lil.
350 1107 442 1139 Haec
468 1105 623 1138 doctrina
649 1106 690 1138 de.
718 1106 841 1138 Christi
866 1106 970 1148 gratia
1001 1119 1070 1138 non
1094 1106 1205 1138 solum
1230 1105 1289 1137 ad-

146 1184 262 1204 versus
294 1169 481 1202 haereticos
516 1168 672 1210 Origeui‚
710 1169 770 1200 sed
806 1169 907 1201 etiarn
940 1169 1097 1201 adversus
1121 1167 1286 1200 Etlmicos

146 1233 222 1266 usui
255 1232 331 1272 suit.
386 1232 609 1264 Demonstrat
643 1230 701 1263 lib.
727 1231 752 1263 l.
787 1241 903 1263 contra
935 1231 1072 1264 Celsum
1102 1244 1194 1263 uum.
1220 1230 1287 1268 31„

143 1308 317 1340 nunquam
343 1292 530 1338 Apostolos
561 1302 614 1324 tot
638 1293 769 1326 labores
792 1302 1026 1337 suscepturos,
1058 1302 1112 1325 tot
1135 1293 1288 1325 adituros

144 1358 246 1390 fuisse
273 1355 435 1401 pericula,
465 1354 548 1387 »nisi
573 1354 612 1386 iis
636 1355 815 1387 maximam
834 1356 1001 1400 quandam
1015 1355 1174 1389 fiduciam
1191 1355 1287 1389 Chri-

144 1429 214 1452 stus
238 1419 385 1456 fecisset,
410 1430 479 1449 non
504 1417 615 1449 solum
643 1430 700 1449 eos
725 1418 850 1450 docens
867 1418 970 1462 ipsius
990 1418 1145 1460 dogmata
1158 1428 1286 1457 tenere,

142 1482 202 1514 sed
228 1480 328 1513 etiam
354 1478 428 1511 aliis
461 1480 703 1522 persuadere«
762 1480 800 1511 ln
833 1481 956 1512 eodem
990 1480 1078 1512 libro
1112 1479 1204 1512 Celsi
1235 1480 1285 1512 di·

144 1543 246 1576 cteria
271 1542 304 1574 in
331 1542 518 1586 Apostolos
543 1553 558 1571 a
586 1541 720 1573 Christo
747 1543 874 1574 electos
906 1541 1093 1583 argumenti
1126 1534 1205 1573 loco
1230 1555 1285 1574 su-

141 1606 215 1647 mit,
241 1618 301 1637 cur
324 1616 393 1636 non
419 1615 538 1634 eorum
563 1602 698 1644 ingenio
731 1612 764 1636 et
798 1604 1033 1648 eloquentiae,
1068 1604 1127 1635 sed
1161 1603 1284 1637 Christi

141 1666 317 1713 potentiae
342 1665 562 1698 tribuendum
587 1664 647 1704 sit,
681 1666 773 1709 quod
804 1665 959 1698 nationes
983 1665 1026 1697 ad
1051 1665 1153 1697 fidem
1178 1666 1284 1698 addu-

140 1730 261 1763 xerint.
312 1728 430 1760 »Nunc
456 1736 600 1768 autem‚«
628 1727 738 1772 inquit
763 1740 855 1759 num.
880 1726 946 1766 62„
974 1727 1109 1771 »ecquis
1127 1736 1186 1766 est,
1213 1728 1283 1773 qui,

142 1805 217 1825 cum
244 1790 337 1822 videt
361 1788 578 1833 piscatoress
598 1798 630 1822 et
660 1789 880 1834 publicanos,
913 1790 967 1821 vel
998 1789 1188 1834 primorum
1215 1790 1282 1823 ele·

139 1863 334 1886 mentorum
360 1851 550 1895 imperitos,
576 1871 616 1876 —
644 1851 679 1884 id
705 1851 794 1884 euim
821 1853 862 1884 de
887 1851 954 1884 illis
980 1852 1156 1896 Scriptura
1181 1862 1281 1885 testa-

138 1927 212 1955 tur,
250 1924 283 1947 et
307 1913 425 1947 Celsus
450 1913 531 1958 ipsis
556 1913 767 1946 inscientiam
791 1926 884 1946 suam
912 1926 988 1945 vere
1014 1913 1282 1947 describentibus

138 1978 247 2011 credit
274 1998 325 2016 -—‚
351 1976 563 2008 confidenter
587 1977 628 2009 de
654 1977 720 2008 side
744 1977 825 2008 Jesu
848 1976 1059 2020 adjungenda
1079 1989 1148 2008 non
1172 1977 1281 2009 modo

139 2041 229 2084 apud
253 2039 403 2071 ,Iudaeos
429 2037 619 2082 disputare,
645 2039 703 2070 sed
729 2039 829 2070 etiarn
863 2039 954 2083 apud
984 2039 1130 2082 reliquas
1165 2047 1280 2080 gentes

137 2114 302 2146 prospere
327 2100 444 2133 Jesum
471 2100 679 2140 annuntiare,
705 2114 773 2133 non
799 2100 997 2145 quaesierit,
1022 2101 1112 2132 unde
1138 2100 1204 2133 illis
1230 2100 1279 2132 in-

138 2172 225 2195 esset
256 2162 483 2206 persuadendi
513 2162 678 2195 facultas?
726 2163 843 2207 Neque
883 2162 970 2194 enirn
1013 2172 1083 2195 erat
1122 2162 1277 2204 vulgaris.

234 2275 266 2319 ¹)
292 2275 396 2307 Marc.
424 2273 498 2312 VH,
524 2273 576 2306 31.
