1403 2492
350 118 662 148 ORIGENIANORUM
692 113 805 146 Lmen
829 113 873 145 ll.
1135 114 1177 151 81

40 204 152 247 genis,
188 204 298 248 ipsum
332 204 420 237 hunc
453 215 522 235 esse
556 214 706 234 errorem
737 201 1017 242 Massiliensium,
1057 203 1179 245 gratiae

40 266 163 300 Christi
189 267 377 311 capitalem.
427 264 529 308 Quod
562 273 600 296 ut
630 276 746 296 verum
783 277 852 296 esse
878 264 1115 305 concedimus,
1148 274 1180 297 et

39 326 110 371 jure
135 328 374 372 reprehensum
395 327 459 358 hoc
478 325 616 358 nomine
639 326 785 358 fatemur
799 325 999 367 Origenem3
1024 326 1068 359 ita
1082 339 1181 371 prae-

39 398 89 422 ter
113 402 256 434 aequum
280 389 381 422 fuisse
411 389 582 432 culpatum
607 387 859 431 pertendimus,
892 389 984 432 quod
1010 389 1051 420 de
1076 388 1179 430 gratia

38 451 151 484 divina
177 452 350 490 disserens,
384 449 442 482 »ei
466 449 729 494 provocationes
754 448 918 482 libertatis
943 462 980 482 ac
1005 450 1178 483 suasiones

35 513 207 545 tribuatzu
234 522 316 557 puta
341 511 416 544 libr.
442 511 482 543 ll.
508 513 591 555 περὶ
617 511 750 556 ἀρχῶν,
777 524 846 555 cap.
860 510 890 545 9.
916 524 1008 544 num.
1027 512 1057 545 7.
1084 512 1179 544 »Per

34 574 172 615 gratiam
215 586 295 606 vero
311 574 342 618 ¹)
391 571 643 605 misericordiae
691 586 767 606 suae
812 572 969 605 omnibus
1017 573 1177 617 providet

35 635 182 679 (Deus),
214 644 314 680 atque
339 647 455 666 omnes
481 634 738 679 quibuscunque
764 634 873 667 curari
897 643 1040 679 possunt
1068 647 1177 668 reme-

34 696 97 729 diis
120 697 288 736 hortatur,
329 705 361 728 et
373 696 409 740 ²)
442 706 607 740 provocat
639 697 680 729 ad
716 697 908 729 salutem:«
949 705 982 729 et
1014 695 1088 729 libr.
1115 697 1175 730 ΙΠ.

36 770 106 802 cap.
131 758 163 791 2.
187 771 279 790 num.
304 757 335 790 4.
387 757 508 790 »Nihil
533 758 626 790 aliud
649 759 838 803 putandum
864 767 913 791 est
937 743 1090 790 accidere
1114 771 1175 791 no-

33 819 83 851 bis
108 832 146 851 ex
169 819 260 863 ipsis,
286 832 371 863 quae
397 819 491 851 cordi
516 829 632 852 nostro
658 828 892 862 suggeruntur,
913 819 1013 851 bonis
1037 811 1091 852 vel
1105 833 1175 853 ma-

34 880 85 920 lis,
109 881 173 913 nisi
198 880 468 913 commotionem
491 882 647 925 solam-³)
686 890 719 914 et
742 881 1015 921 incitamentum,
1046 895 1173 926 provo-

34 955 110 976 cans
137 955 200 975 nos
225 942 346 974 vel-ad
369 944 459 975 bona
484 944 539 975 vel
564 944 605 975 ad
629 943 725 975 mala.
741 956 758 971 «
803 943 864 976 His
889 944 1013 976 addere
1038 953 1173 988 poterat

34 1013 66 1036 et
90 1004 187 1036 illum
215 1017 231 1036 e
257 1004 333 1037 libr.
358 1005 385 1037 I.
413 1004 537 1049 Operis
563 1004 730 1050 ejusdem,
762 1018 831 1049 cap.
848 1005 879 1039 8.
906 1018 997 1037 num.
1013 1004 1044 1040 3.
1080 1020 1096 1034 υ
1107 1006 1172 1038 Be-

29 1065 170 1107 nignitas
195 1065 284 1097 enim
307 1065 387 1105 Dei,
411 1068 598 1099 secundum
624 1067 714 1111 quod
741 1079 774 1098 se
800 1066 937 1108 dignum
963 1076 1021 1107 est,
1045 1080 1172 1111 provo—

31 1136 82 1160 cat
109 1127 233 1167 omnia,
258 1137 291 1159 et
315 1128 451 1160 attrahit
475 1129 517 1160 ad
535 1130 670 1162 beatum
689 1129 792 1160 finem
815 1128 924 1168 illum,
949 1129 1008 1161 ubi
1032 1129 1119 1173 perit
1135 1129 1170 1172 ⁴)

31 1197 64 1221 et
87 1189 214 1230 aufugit
239 1189 347 1220 omnis
373 1190 492 1229 dolor,
525 1191 604 1232 et⁵)
632 1190 784 1229 tristitia,
817 1199 850 1222 et
875 1189 1054 1231 gemitus«
1104 1191 1170 1223 Ve-

29 1262 102 1280 mm
129 1263 331 1294 ecquaenam
348 1263 471 1282 vocum
494 1251 630 1283 illarum
648 1250 822 1290 suasionis,
846 1250 1065 1290 incitamenti,
1089 1264 1170 1295 pro-

30 1310 235 1352 vocationis,
276 1312 476 1344 hortationis
509 1312 635 1344 invidia
668 1322 735 1352 est,
777 1325 857 1357 quas
894 1312 974 1345 iisve
999 1312 1168 1346 adsimiles

29 1372 232 1414 Augustinus
256 1371 454 1416 usurpavit?
488 1373 592 1405 Verbi
617 1374 721 1415 gratia
746 1373 779 1405 in
806 1373 895 1405 libro
922 1374 964 1405 de
989 1373 1110 1418 spiritu
1135 1384 1168 1407 et

27 1432 134 1472 litera,
165 1446 193 1465 c.
217 1432 271 1467 34.
322 1433 409 1466 »His
441 1447 518 1476 ergo
551 1434 664 1467 modis
697 1435 831 1479 quando
867 1434 961 1467 Deus
992 1434 1058 1477 agit
1090 1448 1165 1469 cum

26 1493 136 1526 anima
158 1494 330 1534 rationali,
363 1504 399 1527 ut
424 1495 454 1527 ei
480 1496 612 1538 credat;
641 1508 751 1541 neque
777 1495 866 1528 enim
892 1497 1029 1529 credere
1052 1506 1167 1541 potest

27 1554 205 1599 quodlibet
230 1555 338 1588 libero
363 1557 522 1598 arbitrio,
546 1557 574 1590 si
596 1558 690 1590 nulla
714 1557 757 1590 sit
781 1557 909 1598 suasio,
940 1559 993 1590 vel
1019 1559 1164 1602 vocatio,

28 1615 80 1648 cui
105 1617 234 1650 credat:
265 1619 423 1662 profecto
457 1629 490 1652 et
513 1619 625 1664 ipsum
650 1619 739 1652 velle
765 1621 902 1653 credere
926 1620 1020 1653 Deus
1046 1634 1164 1666 opera-

26 1685 82 1709 tur
100 1678 135 1710 in
160 1678 318 1719 homine,
351 1690 384 1712 et
412 1681 446 1712 in
471 1681 630 1713 omnibus
662 1681 894 1714 misericordia
924 1681 994 1726 ejus
1024 1695 1164 1727 praeve—

26 1738 76 1770 nit
98 1751 176 1772 nos:
203 1741 391 1773 consentire
416 1751 529 1774 autem
553 1742 723 1775 vocationi
748 1743 834 1783 Dei,
866 1744 920 1776 vel
955 1745 996 1776 ab
1029 1757 1068 1777 ca
1093 1745 1160 1777 dis-

27 1799 159 1840 sentire,
183 1801 269 1834 sicut
294 1802 374 1842 dixi,
398 1803 557 1848 propriae
584 1803 767 1836 voluntatis
794 1814 853 1837 est.
865 1821 882 1835 «
920 1805 988 1837 Ubi
1013 1807 1161 1839 notanda

28 1861 139 1893 obiter
159 1872 306 1906 potestas
330 1863 389 1895 illa
415 1864 597 1898 voluntatis
622 1866 661 1898 ad
689 1865 988 1906 consentiendum,
1013 1868 1066 1900 vel
1094 1867 1160 1900 dis-

122 2022 153 2065 ¹)
178 2022 283 2055 Deest
310 2036 443 2056 »vero«
472 2025 506 2057 in
532 2026 607 2058 edd.
633 2026 675 2058 H.

119 2077 153 2122 2)
178 2078 267 2110 Edd.
291 2077 424 2111 Huetii:
453 2080 558 2124 »quia
582 2092 757 2127 provocat.
769 2095 786 2110 α

119 2131 153 2177 ³)
178 2133 265 2167 Edd.
291 2133 424 2166 Huetii:
451 2136 591 2168 »solum
617 2147 650 2170 et
673 2138 947 2177 incitamentum,
969 2150 1157 2182 provocans

24 2190 85 2210 nos
110 2179 151 2210 ad
175 2179 265 2210 bona
290 2180 342 2211 vel
366 2179 462 2212 mala.
476 2196 493 2211 «ι

115 2235 151 2278 ⁴)
174 2235 261 2267 Edd.
288 2234 423 2267 Huetii:
450 2237 625 2270 »decidit,«

118 2290 150 2333 5)
175 2290 262 2323 Edd.
288 2289 420 2322 Huetii:
456 2301 515 2324 »et
537 2292 690 2327 tristitiae
713 2295 892 2338 gemitum«

60 2341 248 2384 ‘Offlessms
273 2351 410 2385 OPERA.
460 2353 555 2387 ΤοΜ.
581 2355 710 2388 xxm.
939 2355 961 2389 6
