1403 2492
163 51 185 84 8
498 58 609 93 Pss'rm
634 59 804 93 Dmmus
837 60 970 96 Hom-n

170 142 293 176 deinde
317 158 398 178 vero
423 147 551 182 scelere
573 150 730 192 admisso,
755 151 880 183 animas
906 149 1057 184 evasisse.
1105 151 1216 184 Verba
1240 149 1312 195 ipsa

170 207 423 250 producuntor:
459 210 526 244 »Ex
561 212 682 257 quibus
709 213 866 246 omnibus
895 212 983 245 illud
1010 212 1143 246 videtur
1167 212 1313 253 ostendi,

171 270 263 312 quod
282 283 375 305 mens
394 273 435 305 de
453 282 539 306 statu
564 287 625 306 suo
653 287 690 307 ac
718 274 879 317 dignitate
906 274 1087 314 declinans,
1112 275 1236 308 effecta
1258 273 1312 307 vel

171 343 363 377 nuncupata
388 344 437 368 est
460 335 589 368 anima:
626 349 710 381 quae
736 336 762 369 si
788 347 940 381 reparata
967 337 1067 370 suerit
1094 345 1125 370 et
1149 345 1312 377 correcta,

172 393 261 425 redit
286 394 319 428 in
344 396 428 437 hoc,
454 407 490 430 ut
513 398 555 430 sit
580 411 683 431 mens.
734 397 837 442 Quod
863 399 889 431 si
907 399 951 432 ita
978 408 1037 439 est,
1063 399 1216 431 decessus
1240 397 1313 442 ipse

173 456 295 489 mentis
333 471 370 491 ac
412 460 589 492 devolutio
630 460 765 493 videtur
801 460 902 501 mihi,
939 461 1032 506 quod
1066 473 1134 493 non
1166 459 1314 504 aequalis

175 518 326 552 omnium
359 521 552 555 sentiendus
583 522 641 561 sit,
679 523 737 555 sed
771 524 822 555 vel
855 523 932 567 plus
957 523 1010 556 vel
1044 523 1156 555 minus
1185 522 1219 554 in
1245 521 1315 554 ani·

172 591 262 612 mam
297 583 399 623 verti,
433 593 465 616 et
503 584 632 629 aliquas
672 584 809 629 quidem
851 594 980 618 mentes
1015 597 1148 618 servare
1185 582 1315 629 aliquid

175 641 275 674 etiam
300 645 424 688 prioris
450 645 592 688 vigoris;
617 646 748 691 aliquas
770 659 850 679 vero
876 656 933 680 aut
956 646 1054 688 nihil,
1078 656 1136 680 aut
1160 645 1315 688 exiguum

173 702 313 749 aliquid.
373 707 470 740 Unde
510 707 728 741 inveniuntur
764 708 899 754 quidam
944 710 1056 742 statim
1097 709 1139 741 ab
1177 707 1315 740 ineunte

173 775 282 799 aetate
307 769 508 802 ardentioris
534 769 715 810 acuminis,
751 770 808 803 alii
835 784 915 803 vero
947 769 1123 810 tardioris3
1159 767 1316 802 nonnulli

174 837 287 861 autem
313 831 519 864 obtusissimi
545 841 578 864 et
601 831 736 876 penitus
761 832 927 879 indociles
950 831 1073 865 nasci«
1118 829 1253 874 Quibus
1274 829 1318 862 si-

175 890 268 924 milia
293 893 326 924 in
353 894 473 938 capitis
499 893 649 940 ejusdem
676 895 766 927 calce
792 894 966 927 iterantur.
1003 893 1107 926 Libro
1124 905 1204 925 vero
1223 892 1319 924 lucu-

174 951 337 987 brationis
363 955 512 1000 ejusdcm
538 956 670 1001 priore,
697 969 773 1001 cap:
797 956 826 990 7.
859 969 953 989 num.
979 956 1012 990 4.
1038 955 1184 989 animam
1207 953 1319 987 homi—

174 1013 242 1054 nis,
274 1028 342 1048 non
369 1031 444 1049 cum
471 1030 615 1062 corpore
642 1019 761 1050 factam
798 1018 916 1059 docet,
949 1018 1008 1051 sed
1041 1016 1245 1050 extrinsecus
1268 1015 1320 1049 in-

175 1086 316 1117 sertam,
350 1079 451 1124 idque
485 1092 548 1124 pro
582 1079 781 1112 meritorum
817 1080 960 1113 ratione.
1025 1079 1208 1112 Probando
1240 1077 1319 1110 huie

174 1137 296 1171 Jacobi
321 1142 452 1184 profert
479 1142 669 1186 exemplum
705 1152 737 1175 et
761 1133 868 1181 Esau,
908 1154 1053 1186 quorum
1078 1140 1134 1173 hic
1168 1140 1318 1179 fratrem,

178 1212 254 1232 cum
281 1214 318 1234 ex
343 1212 442 1235 utero
460 1203 630 1247 prodiret,
653 1203 903 1248 supplantavit3
929 1203 1021 1248 quod
1046 1201 1091 1235 ita
1106 1214 1319 1246 nequaquam

177 1272 376 1296 eventurum
402 1264 504 1297 fuisse
531 1274 653 1305 censet,
678 1265 742 1297 nisi
767 1265 802 1297 id
827 1274 971 1310 uterque
996 1263 1113 1298 fuisset
1136 1263 1235 1306 gestis
1252 1262 1319 1296 suis

176 1324 394 1366 promeritus,
423 1335 601 1370 antequam
629 1327 727 1358 coelo
757 1327 986 1359 delaberetur:
1012 1326 1105 1358 addit
1130 1335 1163 1358 et
1179 1324 1319 1358 Joannis

179 1386 391 1430 exemplum,
420 1387 477 1432 qui
503 1387 536 1419 in
561 1387 703 1420 materni
727 1388 814 1420 uteri
841 1387 991 1420 claustris
1017 1387 1200 1420 etiamnum
1226 1399 1319 1420 com·

178 1456 315 1490 pactus,
357 1449 399 1481 ad
426 1449 554 1482 Mariae
586 1462 705 1482 vocem
730 1448 946 1494 tripudiavit;
985 1458 1018 1481 et
1042 1447 1228 1489 Jeremiae,
1265 1447 1320 1481 cui

179 1507 307 1542 dixerat
332 1510 518 1544 Dominus:
548 1511 791 1556 »»Priusquam
825 1511 854 1555 Ι)
882 1520 916 1543 te
942 1511 1124 1544 formarem
1149 1509 1184 1543 in
1207 1519 1318 1549 utero,

178 1570 260 1602 novi
286 1581 335 1604 te:
374 1582 406 1605 et
437 1583 616 1618 antequam
642 1573 748 1606 exires
779 1574 821 1606 de
847 1573 964 1613 vulva,
1000 1571 1206 1605 sanctificavi
1229 1580 1317 1604 tes«

176 1632 341 1678 Alioquin
374 1635 419 1667 ait
453 1635 731 1680 suturam-apud
765 1636 879 1668 Deum
910 1636 1248 1680 προσωποληψίαν,
1285 1642 1320 1667 et

175 1694 383 1740 injustitiam,
410 1698 500 1741 quod
531 1707 563 1730 et
588 1698 688 1730 Tom.
714 1698 757 1730 II.
783 1697 817 1730 in
839 1698 960 1730 Joann.
985 1709 1079 1730 num.
1103 1695 1159 1730 25.
1184 1695 1319 1740 repetit.

175 1756 304 1791 Eadem
329 1759 570 1792 asseverantius
595 1760 742 1792 inculcat
766 1772 837 1803 cap.
862 1758 893 1793 8.
918 1758 994 1792 libr.
1021 1758 1051 1793 1.
1076 1759 1160 1803 περὶ
1184 1756 1318 1803 ἀρχῶν,

178 1828 211 1851 et
237 1819 312 1853 libr.
339 1820 370 1856 3.
397 1834 468 1866 cap.
496 1821 526 1855 1.
552 1835 642 1855 num.
669 1821 742 1863 20.;
774 1830 954 1865 postquam
980 1819 1069 1852 enirn
1094 1831 1321 1864 unumquem-

178 1893 243 1925 que
269 1881 370 1922 dixit,
394 1892 499 1927 prout
523 1896 594 1916 sese
621 1883 738 1926 gessit,
770 1895 787 1914 a
812 1882 889 1915 Deo
916 1894 970 1913 vas
998 1881 1087 1913 effici
1112 1881 1167 1914 vel
1192 1881 1234 1914 ad
1257 1881 1321 1913 ho-

177 1955 315 1984 norem,
349 1944 402 1976 vel
427 1945 467 1977 ad
494 1945 755 1984 contumeliam,
785 1943 901 1976 subdit
926 1942 1107 1976 continuo:
1143 1942 1270 1987 »Quod
1292 1942 1320 1976 si

179 2003 264 2050 justa
281 2007 315 2048 ²)
348 2006 429 2038 haec
463 2006 598 2039 videtur
628 2006 785 2045 assertio,
821 2005 908 2037 sicut
941 2014 989 2037 est
1024 2013 1114 2037 certe
1145 2005 1250 2050 justa,
1287 2013 1320 2036 et

181 2080 256 2099 cum
284 2067 376 2099 omni
402 2067 528 2111 pietate
555 2069 774 2107 concordans,
799 2066 849 2100 uti
875 2080 912 2099 ex
937 2067 1218 2111 praecedentibus
1243 2079 1320 2099 cau-

282 2251 312 2298 ¹)
336 2253 461 2287 Jercm.
490 2254 515 2293 l,
541 2254 570 2287 5.
623 2254 656 2297 Ἃ)
682 2253 770 2287 Edd.
799 2253 933 2287 Huetii:
964 2252 1101 2298 ”juxtaffl
