1403 2492
181 57 248 92 296
515 59 628 94 Pssrm
652 61 824 95 DAMzus
849 61 982 96 Huc-ru

188 157 220 180 et
242 148 349 193 pium,
374 162 411 182 ac
435 149 579 194 proinde
603 149 751 196 Spiritus
774 151 878 185 sancti
902 152 1053 186 subsidio
1079 161 1112 186 et
1137 166 1204 199 ope
1226 167 1318 188 excr-

185 209 264 241 ceri.
312 210 524 245 Contradicit
550 213 770 246 nihilominus
809 216 938 246 Auctor
969 214 1093 259 Operis
1127 215 1319 260 imperfecti

187 270 221 303 in
246 272 366 306 Mattln.
393 274 419 313 l,
445 273 497 309 18.
520 275 653 320 aitque,
678 275 931 308 matrimonium
956 276 1017 309 etsi
1041 277 1214 311 utentibus
1237 291 1321 324 poe-

187 346 262 366 nam
288 348 356 367 non
386 335 518 376 inserat,
541 338 734 369 mercedem
759 347 869 370 tamen
895 350 962 370 non
988 347 1167 382 praestare.

277 397 457 430 Postremo
482 398 614 431 iteratas
640 399 792 443 nuptias,
815 412 884 432 non
909 399 1004 444 quasi
1028 401 1204 434 damnosas
1227 401 1323 446 peni-

187 466 239 490 tus
264 471 301 490 ac
326 459 457 500 noxias,
491 461 550 493 sed
581 461 673 505 quasi
706 460 765 505 pio
801 471 833 493 et
859 461 1058 504 Christianos
1075 462 1212 496 homine
1236 462 1325 495 indi·

186 533 264 562 guas
297 522 516 555 Adamantius
548 523 713 555 traduxit:
751 523 844 568 quod
886 523 1009 557 merito
1050 524 1218 557 criminati
1248 533 1325 557 sunt.

186 582 489 626 magdeburgenses
516 584 652 617 Centur.
675 584 733 618 ΙΙΙ.
759 597 831 629 cap.
858 585 911 619 10.
959 586 1076 619 »Nunc
1100 598 1193 626 vero,
1216 584 1325 630 inquit

187 645 316 679 Homil.
339 646 449 680 XVss.
475 648 509 679 in
535 647 627 686 Luc.,
652 656 685 679 et
709 648 887 687 secundae,
913 657 946 680 et
969 647 1107 688 tertiae,
1131 657 1165 680 et
1188 657 1325 692 quartae

186 707 336 752 nuptiae,
367 718 403 741 ut
429 709 471 741 de
496 709 651 753 pluribus
677 720 816 750 taccam,
839 709 1068 754 reperiuntur,
1094 719 1128 742 et
1149 709 1327 752 noniguo-

188 782 318 810 ramus,
349 771 442 815 quod
477 771 544 804 tale
582 772 775 818 conjugium
808 770 920 817 ejiciet
944 784 1006 804 nos
1031 771 1072 804 de
1097 784 1200 814 regno
1224 770 1323 804 Det«

185 831 229 863 Et
255 831 396 866 deinde:
435 833 508 865 »De
534 843 634 866 coetu
659 821 928 878 primitivorum,
963 833 1326 878 immaculatorumque

188 893 369 934 ecclesiae,
401 907 486 938 quae
505 896 535 940 ¹)
560 909 629 928 non
655 896 755 928 habet
779 896 958 936 maculam,
982 908 1091 940 neque
1116 909 1242 938 rugam,
1267 894 1327 941 eji—

189 955 296 988 cietur
320 956 482 998 digamus,
508 970 575 990 non
602 971 669 1002 quo
696 958 730 990 in
756 967 929 990 aeternum
945 957 1102 990 mittatur
1119 957 1327 996 incendium,

187 1019 247 1050 sed
272 1031 339 1062 quo
365 1028 496 1063 partem
521 1033 590 1052 non
621 1019 741 1052 habeat
772 1020 805 1052 in
837 1032 940 1062 regno
966 1019 1064 1053 Dei.«
1113 1020 1202 1053 Tum
1230 1032 1325 1052 mox:

191 1080 300 1112 »Puto
327 1080 418 1113 enim
442 1094 695 1124 monogamum,
722 1091 754 1114 et
780 1081 953 1123 virginem,
979 1090 1012 1114 et
1037 1093 1125 1121 eum,
1150 1080 1258 1126 quiin
1277 1093 1329 1114 ca-

187 1141 346 1175 stimonia
370 1152 582 1186 perseverat,
607 1156 678 1176 esse
704 1144 745 1176 de
771 1143 911 1177 ecclesia
935 1142 1022 1185 Dei3
1053 1155 1130 1175 eurn
1154 1155 1246 1184 vero,
1271 1142 1329 1188 qui

187 1204 228 1237 sit
253 1203 425 1246 digamus,
459 1205 539 1238 licet
562 1206 689 1238 bonam
720 1205 840 1238 habeat
864 1204 1173 1245 conversationem,
1197 1213 1231 1238 et
1255 1217 1329 1238 cae-

187 1265 268 1299 teris
293 1265 473 1298 virtutibus
497 1267 638 1311 polleat,
664 1276 776 1301 tamen
801 1281 869 1300 non
896 1281 966 1300 esse
992 1268 1033 1300 de
1052 1266 1204 1310 ecclesia,
1231 1275 1263 1299 et
1287 1266 1330 1298 de

190 1340 230 1360 co
256 1341 420 1368 numero,
446 1328 506 1373 qui
531 1342 599 1362 non
624 1330 727 1362 babet
752 1342 866 1372 rugam
891 1338 949 1362 aut
971 1329 1157 1368 maculam,
1188 1337 1245 1361 aut
1269 1328 1330 1360 ali-

188 1389 272 1434 quid
297 1389 509 1432 istiusmodi;
549 1392 608 1424 sed
640 1404 710 1425 esse
745 1393 786 1424 de
817 1392 968 1425 secundo
1000 1391 1123 1433 gradu,
1148 1398 1181 1422 ct
1205 1389 1246 1422 dc
1268 1388 1331 1428 his,

188 1452 247 1496 qui
272 1452 435 1485 invocant
460 1465 586 1485 nornen
611 1453 774 1493 Domini,
800 1462 833 1486 et
858 1453 915 1498 qui
939 1452 1109 1486 salvantur
1133 1450 1270 1496 quidem
1296 1449 1329 1482 in

189 1513 328 1546 nomine
359 1514 441 1546 Jesu
478 1514 621 1555 Christi3
660 1527 873 1559 nequaquam
911 1523 1024 1547 tamen
1054 1521 1260 1546 coronantur
1289 1512 1330 1544 ab

189 1588 263 1608 eos<
313 1575 401 1608 Hinc
427 1575 582 1608 nomilia
607 1575 704 1610 XIX.
731 1575 764 1608 in
784 1576 911 1610 Jerem.
935 1589 1026 1609 num.
1042 1575 1074 1610 4.
1097 1587 1166 1607 non
1192 1583 1330 1606 aeterno

187 1636 326 1682 quidem
350 1637 585 1670 addicendum
609 1637 712 1670 tradit
735 1637 905 1682 supplicio
931 1637 1120 1679 digamum,
1144 1636 1202 1669 sed
1227 1635 1332 1680 parti-

186 1699 298 1743 cipem
323 1698 443 1732 salutis
472 1699 612 1745 alicujus
637 1700 801 1741 futurum,
825 1712 894 1732 non
919 1708 1032 1732 tamen
1056 1707 1167 1732 tantae
1191 1697 1332 1731 felicita-

184 1760 238 1801 tis,
272 1770 414 1806 quantae
457 1761 515 1806 qui
552 1774 657 1805 purus
688 1750 819 1796 vixeriti
875 1761 988 1794 Torno
1019 1773 1155 1806 quoque
1189 1759 1266 1793 XX.
1299 1760 1332 1792 in

183 1823 303 1856 Joann.
327 1836 420 1856 num.
458 1823 510 1857 10.
537 1823 570 1855 in
597 1836 638 1855 eo
663 1822 859 1867 neutiquam
881 1822 1081 1855 imitandum
1099 1821 1332 1862 ,Abrahamurn

185 1885 398 1929 pronuntiat,
425 1886 519 1930 quod
544 1884 690 1918 ancillae
717 1884 950 1924 concubuerit,
975 1894 1006 1917 et
1031 1884 1210 1916 defunctae
1234 1882 1333 1915 uxori

191 1947 289 1979 aliam
316 1946 351 1979 in
375 1956 552 1980 senectute
577 1946 859 1991 superinduxerit.
907 1946 1071 1979 Profecto
1103 1958 1171 1977 non
1197 1943 1333 1978 Monta-

185 2008 308 2049 nistae,
334 2008 421 2041 inter
445 2022 533 2053 quos
564 2008 813 2048 Tertullianus,
844 2022 905 2041 nec
929 2006 1108 2041 Novatiani
1138 2006 1249 2039 solum
1275 2006 1333 2038 hac

192 2071 357 2115 opinione
383 2071 504 2103 insecti
527 2080 615 2109 sunt,
639 2070 699 2103 sed
723 2071 886 2103 nonnulla
913 2069 1012 2102 etiam
1038 2068 1135 2113 liujus
1159 2068 1271 2100 affinia
1297 2081 1334 2099 ex

192 2133 391 2165 orthodoxis
407 2132 635 2176 scriptoribus
661 2132 774 2165 afferri
800 2133 922 2172 solent,
947 2144 1032 2176 quae
1057 2130 1090 2163 iu
1105 2130 1334 2163 Decrctorum

291 2267 321 2310 ¹)
348 2266 418 2300 err.
445 2266 569 2311 tiphos.
596 2267 633 2304 v,
659 2267 712 2301 27.
