1403 2492
211 106 275 141 164
547 107 656 140 Pmm
682 106 854 140 Dlfflfflus
880 107 1010 142 nunu

305 196 406 230 Aliud
432 204 604 240 praetcrea
635 196 796 240 supplicii
827 209 929 238 genus
954 198 1063 230 notari
1088 207 1184 242 putat
1209 199 1258 232 his
1285 200 1348 232 Lu-

213 272 269 291 cae
297 257 416 296 vorbis,
441 256 561 301 quibus
583 258 734 290 futurum
769 258 913 291 minatur
947 259 1113 299 Christus,
1147 269 1184 292 ut
1219 259 1347 304 impru-

213 322 348 353 dentem
373 331 507 352 servum
537 319 716 357 nudividat,
735 321 764 362 ¹)
795 328 994 364 partemque
1027 319 1097 365 ejus
1129 334 1205 354 cum
1230 322 1348 354 infide-

213 382 300 414 libus
326 390 482 426 ponat.·«‹
533 382 649 415 Genus
674 390 785 414 autem
810 381 971 426 supplicii
1006 381 1041 414 id
1067 395 1136 416 esse
1160 392 1275 428 putat,
1301 384 1350 416 di-

212 444 378 476 visionem
403 443 532 476 animae
563 457 580 476 a
612 443 744 488 Spiritu
768 451 903 484 sancto;
936 443 989 475 vel
1021 444 1221 478 divisionem
1254 445 1352 478 nobi-

212 505 307 538 lioris
331 504 434 550 partis
459 505 606 544 animae,
639 516 724 549 quae
756 504 797 536 ad
829 504 1007 546 imaginem
1038 515 1072 538 et
1094 505 1352 539 similitudinem

212 568 280 600 Dei
304 568 392 600 sacta
417 577 477 606 est,
502 568 544 599 ab
569 579 607 599 ea
633 576 738 611 parte,
764 579 848 612 quae
874 579 937 612 per
961 567 1059 600 tibet-i
1071 568 1202 601 arbitrii
1219 568 1351 613 lapsum

213 630 403 662 deformata
427 638 494 669 est;
526 628 578 660 vel
610 628 812 661 divisionem
846 629 975 662 animae
1005 629 1047 662 ab
1082 629 1202 673 angelo
1225 631 1351 663 tutelae

211 704 289 724 suae
314 691 500 736 praesecto.
550 690 619 723 Sed
653 700 685 722 et
721 703 875 723 errorum
907 692 1060 723 tenebras
1085 701 1118 724 et
1141 691 1350 734 ignorantiae

214 753 392 794 caliginem
418 752 489 784 vult
514 752 654 797 exprimi
680 752 825 785 tenebris
840 752 1074 792 exterioribus,
1099 752 1132 785 in
1157 765 1238 797 quas
1261 752 1350 785 mitti

213 814 351 860 jubet²)
377 827 453 846 eum
479 826 546 852 rex,
571 813 627 858 qui
654 823 746 846 veste
779 814 924 859 nuptiali
954 827 1023 846 non
1053 814 1191 847 indutus
1222 814 1255 847 in
1288 827 1350 846 nu-

214 875 310 920 ptiali
335 874 492 908 convivio
519 876 766 916 dis(·umbebat;
792 885 986 908 et'servum
1011 877 1200 922 nequam-³)
1234 886 1267 909 et
1299 876 1350 921 pi-

212 951 317 980 grum.
344 937 401 982 qui
427 938 590 969 talentum
614 937 677 970 sibi
703 937 920 970 commissum
954 938 987 969 in
1011 947 1134 970 terram
1161 938 1350 970 defoderat.

214 999 296 1043 Quo
311 999 440 1031 accedit
466 999 612 1031 Tractat.
633 999 798 1032 ΧΧΧΙΙΙ.
825 1000 856 1032 in
877 999 996 1032 Matth.
1022 1012 1114 1033 num.
1128 999 1180 1033 69.
1196 1001 1350 1033 tenebras

217 1061 400 1093 exteriores
413 1061 460 1096 ita
477 1074 666 1104 exponens:
695 1060 781 1093 »Ubi
798 1061 889 1093 nulla
908 1061 1110 1094 illuminatio
1127 1071 1186 1101 est,
1211 1061 1350 1094 forsitan

212 1136 275 1156 nec
302 1122 506 1166 corporalis,
537 1134 600 1154 nec
625 1131 674 1154 est
698 1123 866 1166 respectio
891 1124 956 1156 Dei
982 1124 1072 1162 illic,
1100 1124 1158 1156 sed
1184 1123 1276 1168 qnasi
1300 1124 1351 1156 in-

218 1183 308 1227 digni
343 1182 576 1228 speculatione
611 1182 696 1222 Dei,
733 1183 791 1227 qui
829 1184 907 1216 talia
944 1193 1186 1229 peccaverunt,
1227 1185 1353 1217 conde-

219 1255 376 1279 mnantur
390 1245 424 1278 in
438 1244 500 1284 his,
525 1257 609 1289 quae
624 1244 807 1278 exteriores
819 1247 977 1279 tenebrae
996 1246 1228 1291 appellantur:
1254 1246 1351 1278 sorsi-

217 1318 268 1341 tan
295 1309 404 1340 donec
429 1305 724 1349 intellexerint,⁴)
755 1315 794 1338 ut
825 1317 1079 1347 convertantur,
1105 1316 1137 1339 et
1163 1307 1252 1348 digni
1278 1307 1348 1340 effi-

215 1356 345 1401 ciantur
370 1369 458 1400 exire
483 1369 524 1400 ab
550 1367 619 1400 iis«
671 1367 780 1399 Aliter
805 1378 915 1401 tamen
945 1369 1049 1413 paulo
1082 1378 1175 1413 post:
1211 1368 1350 1401 »Consi-

216 1432 371 1462 deremus
398 1442 507 1470 erge-,u
537 1428 656 1472 inquit,
687 1429 729 1460 nsi
756 1439 866 1471 potest
890 1443 963 1462 vera
990 1443 1059 1462 esse
1077 1429 1244 1473 expositio
1269 1430 1351 1474 ejus,

216 1502 253 1524 ut
279 1491 462 1523 exteriores
486 1492 639 1522 tenebras
666 1490 739 1521 illas
766 1490 1008 1532 intelligamus,
1035 1501 1070 1523 ut
1096 1491 1231 1534 quidam
1258 1492 1350 1535 quasi

215 1552 343 1594 indigni
368 1561 442 1584 toto
468 1551 596 1583 mundo
623 1551 654 1582 in
680 1552 832 1595 abyssum
855 1550 960 1590 illam,
985 1564 1083 1596 quarn
1110 1553 1166 1597 ille
1185 1554 1352 1597 exposuit,

215 1616 306 1647 foras
332 1613 518 1659 ejiciantur,
545 1612 576 1644 in
602 1625 667 1656 qua
690 1621 767 1644 sunt
792 1613 960 1653 tenebrae,
985 1612 1120 1645 nemine
1146 1626 1199 1646 eas
1223 1614 1351 1647 illumi-

216 1686 327 1715 nante,
353 1688 428 1707 cum
456 1674 521 1706 sint
546 1682 636 1706 extra
650 1672 770 1706 'totum
794 1675 990 1707 mundum.«

307 1736 545 1781 Cuiuscunque
570 1747 675 1779 porro
701 1735 829 1776 generis
852 1735 919 1768 sint
942 1749 1091 1780 poenae,
1124 1737 1352 1772 vehementius

215 1799 255 1832 iis
281 1799 464 1831 cruciatum
490 1796 529 1828 iri
557 1809 701 1840 corpora
725 1803 831 1840 puta't,
856 1796 976 1839 quibus
999 1808 1207 1841 resurgentes
1232 1799 1351 1833 indue-

217 1875 303 1901 mur,
327 1868 447 1904 utpote
472 1847 649 1890 subtiliora
676 1868 709 1890 et
733 1857 938 1902 spiritualia,
976 1871 1074 1902 quam
1107 1873 1190 1905 quae
1221 1861 1281 1894 hac
1315 1863 1346 1894 in

218 1924 284 1955 vita
309 1931 491 1964 gestamus;
516 1919 803 1964 quemadmodum
837 1920 963 1951 nudum
991 1933 1113 1965 corpus
1139 1923 1276 1956 mollius
1301 1934 1349 1957 est

216 1986 256 2016 acl
283 1985 432 2023 verbera,
458 1982 565 2026 iisque
591 1980 698 2013 acrius
724 1979 878 2019 afficitur,
903 1994 1004 2026 quam
1030 1983 1056 2014 si
1083 1993 1171 2016 veste
1196 1994 1351 2028 contega-

219 2056 280 2078 tur.
328 2045 438 2078 Verba
463 2043 618 2085 Origenis
643 2056 660 2075 e
688 2042 940 2076 Commentario
967 2045 998 2076 in
1025 2044 1144 2079 Psaim.
1169 2047 1226 2079 Vl.
1252 2047 1350 2081 Pam—

313 2181 342 2224 Ι)
370 2180 438 2213 eff.
472 2179 546 2209 [ue
574 2178 652 2215 xit,
679 2177 730 2210 46.
839 2179 872 2222 υ)
899 2179 966 2211 cfr.
1019 2180 1134 2212 luant..
1160 2181 1269 2220 xxn,
1298 2180 1344 2215 13.

307 2236 340 2280 3)
368 2234 438 2268 cfr.
467 2233 586 2267 Mani..
614 2233 722 2271 xxv,
744 2233 797 2268 30.

307 2291 339 2336 ⁴)
366 2291 451 2322 Edd.
479 2289 610 2321 lluetii:
638 2289 882 2321 intellexerunt,
