1403 2492
166 72 234 110 316
500 74 616 108 Pssrm
638 73 814 108 omnus
839 74 971 108 Htm‘rn

165 165 292 198 stiones
317 164 498 209 pleraeque
521 165 675 198 nondum
699 165 832 198 fuerant
861 165 1121 208 Theologornm
1151 163 1301 209 disputa-

167 227 316 260 tionibus
341 226 519 259 ventilatae
546 236 579 259 et
601 227 805 266 illustratae,
828 240 890 260 nec
916 227 1077 260 ecclesiae
1102 226 1246 260 decretis
1269 235 1304 259 et

165 289 396 322 sanctionibus
429 288 601 323 delinitae.
650 289 733 322 Avia
766 302 845 332 ergo
878 289 972 329 loca,
1005 298 1038 322 et
1068 288 1194 321 nullius
1225 296 1303 321 aute

166 352 243 384 solo
270 351 349 383 trita
372 360 584 395 peragrantes
609 351 797 393 Theologi,
828 365 914 396 quae
939 351 1093 396 proxima
1118 351 1159 383 ad
1185 363 1302 382 verum

167 413 345 446 videbatur
377 412 450 452 via,
490 412 550 445 liae
584 414 778 446 ferebantur
809 413 1006 454 confestim,
1042 422 1076 445 et
1105 412 1303 444 aberrabant

165 488 276 519 saepe,
299 475 359 507 sed
385 474 478 507 venia
505 475 606 516 digno
633 488 759 514 errore,
785 476 938 508 nondum
963 484 1057 507 recte
1082 473 1217 506 tramite
1240 484 1302 517 per

165 536 344 570 ecclesiam
369 547 568 570 monstrato.
625 536 731 580 Quod
755 537 829 570 aliis
855 537 956 579 igitur
979 536 1135 570 Patribus
1158 534 1301 576 benigne

165 599 351 632 condonari
376 599 476 640 solet,
502 598 592 631 idem
619 607 658 630 ut
682 598 898 640 indulgeatur
921 598 1061 640 Origeni
1093 609 1237 642 aequum
1262 608 1300 628 ac

163 675 282 695 verum
306 670 365 694 est.
415 660 589 703 Quaenam
615 669 728 693 autem
754 660 927 694 communi
952 659 1114 693 ecclesiae
1136 671 1299 692 consensu

163 736 221 755 sua
245 732 353 755 aetate
378 732 514 767 recepta
540 732 573 755 et
598 723 741 767 probata
765 732 884 762 essent,
909 732 980 754 tum
1007 735 1091 766 quae
1114 721 1149 754 in
1173 730 1300 753 utram-

163 797 228 829 que
252 794 383 829 partem
408 794 547 829 possent
571 784 755 828 disputari,
789 793 884 817 cauta
917 784 1131 817 distinctione
1156 780 1300 815 secrevit

161 847 233 892 ipse
255 846 420 888 Origenes
445 846 477 877 in
503 845 688 878 prooemio
713 845 791 878 libri
808 846 828 880 Ι.
854 848 937 891 περὶ
952 845 1084 890 ἀρχῶν.
1112 846 1148 877 ln
1166 853 1298 889 postre—

160 922 254 941 mum
284 908 373 940 hunc
404 920 538 941 censum
570 906 710 952 conjicit
741 900 954 952 quaestiones
992 908 1033 940 de
1069 907 1197 939 animae
1229 903 1297 938 ori-

161 970 254 1012 gine,
292 971 334 1001 de
370 979 487 1002 natura
517 970 715 1011 angelorum
749 978 783 1002 et
806 970 1021 1009 daemonum,
1053 970 1094 1001 de
1119 968 1177 1007 iis,
1210 978 1295 1011 quae

160 1032 278 1065 mundi
303 1041 416 1064 ortum
440 1040 707 1070 antecesserunt,
743 1040 777 1063 et
812 1044 896 1075 quae
927 1040 1005 1076 post
1030 1030 1099 1077 ejus
1123 1029 1296 1062 interitum

161 1096 273 1127 sutura
309 1102 404 1132 sunt,
438 1092 568 1136 aliaque
600 1092 775 1126 nonnulla.
830 1093 960 1125 Eadem
991 1092 1025 1124 in
1056 1090 1161 1124 simili
1183 1101 1296 1122 caussa

161 1170 237 1189 usus
263 1166 312 1189 est
337 1154 537 1200 exceptione
563 1154 789 1200 Hieronymus
823 1154 882 1188 lib.
908 1155 952 1188 ll.
986 1154 1133 1198 Apolog.
1165 1153 1294 1185 advers.

161 1219 273 1252 Rufm.
298 1231 372 1262 cap.
397 1218 440 1256 4.,
466 1230 542 1248 curn
568 1226 697 1249 veteres
721 1216 883 1249 ecclesiae
914 1216 1116 1261 scriptores,
1147 1227 1294 1260 quorum

160 1281 304 1314 Codices
321 1271 492 1311 erroribus
510 1278 624 1310 infecti
648 1288 735 1318 sunt,
761 1292 918 1311 excusare
932 1279 1055 1310 vellet:
1083 1277 1194 1311 »Fieri
1217 1286 1295 1321 pot-

160 1352 220 1382 est,
244 1352 281 1374 ut
304 1351 483 1385 antequam
509 1340 542 1372 in
569 1340 788 1381 Alexandria,
820 1341 914 1385 quasi
946 1340 1164 1373 daemonium
1194 1337 1294 1371 meri-

159 1406 310 1444 diauum,
335 1404 435 1436 Arius
460 1412 671 1443 nasceretur,
704 1402 903 1435 innocenter
934 1403 1101 1446 quaedam
1127 1411 1161 1435 et
1183 1400 1293 1433 minus

159 1477 255 1500 caute
280 1465 387 1498 locuti
410 1464 486 1505 sint,
503 1466 533 1508 ι)
559 1474 592 1496 et
617 1478 701 1509 quae
727 1477 795 1496 non
819 1464 950 1508 possint
970 1477 1207 1508 perversorum
1231 1463 1292 1494 ho*

158 1530 287 1561 minum
321 1525 522 1560 calumniam
555 1525 756 1558 declinare«
806 1526 993 1558 Reddimus
1023 1526 1138 1570 itaque
1169 1523 1292 1557 Hiero-

157 1603 260 1637 nymo
288 1602 386 1622 voces
410 1601 495 1633 suas,
520 1597 552 1620 et
578 1588 670 1632 quod
695 1600 758 1632 pro
784 1587 856 1620 aliis
882 1588 992 1620 valere
1019 1587 1102 1628 vult,
1127 1586 1290 1631 idipsum

158 1666 221 1698 pro
247 1652 394 1693 Origene
418 1659 456 1682 ut
481 1650 600 1689 valeat,
626 1649 696 1695 jure
721 1659 838 1682 nostro
864 1651 1084 1694 postulamus.

246 1715 320 1747 XV.
368 1712 528 1757 Denique
547 1726 622 1744 cum
649 1712 682 1744 in
707 1712 852 1756 epistola
865 1712 931 1751 δᾶ,
955 1725 1040 1756 quae
1065 1721 1114 1744 est
1137 1711 1178 1744 ad
1194 1711 1291 1743 Pam-

158 1777 263 1810 mach.
290 1785 324 1808 et
348 1775 544 1814 Oceanum,
578 1787 649 1818 cap.
675 1774 707 1807 4.
737 1774 938 1807 testificetur
971 1775 1218 1820 Hieronymus,
1253 1782 1291 1805 ut

158 1841 285 1872 dictum
310 1836 464 1881 superius
486 1850 505 1868 a
527 1836 624 1868 nobis
650 1845 716 1875 est,
751 1849 904 1869 errorum
939 1848 1077 1870 suorum
1107 1835 1290 1878 Origenem

158 1900 384 1947 poenituisse,
414 1898 517 1942 idque
548 1898 699 1930 Fabiano
725 1899 835 1942 Papae
868 1898 979 1942 ipsum
1004 1897 1204 1940 significasse
1228 1910 1290 1942 per

158 1963 286 2002 literas,
325 1970 358 1993 et
388 1959 588 1993 temeritatis
625 1973 775 1993 caussam
808 1960 841 1992 in
874 1961 1093 1994 Ambrosium
1123 1960 1290 2000 retulisse,

157 2025 251 2070 quod
275 2031 406 2055 secreto
433 2022 523 2054 edita
546 2023 768 2066 publicasset;
800 2023 825 2055 is
857 2024 898 2055 ab
924 2024 1018 2056 omni
1041 2023 1216 2056 haereseos
1240 2023 1290 2056 in-

158 2086 258 2118 lamia
282 2085 381 2128 plane
407 2083 606 2123 vindicatur,
631 2098 696 2129 qua
719 2085 742 2118 ii
767 2095 928 2118 notantur
951 2087 1126 2125 duntaxat,
1158 2086 1217 2130 qui
1239 2095 1289 2118 te-

157 2160 250 2181 mere
273 2146 490 2191 pronuntiata
513 2147 729 2191 pertinaciter
753 2149 949 2182 defendunt.
997 2147 1140 2193 Optime
1163 2147 1199 2181 id
1223 2161 1286 2193 pro

252 2276 285 2320 ¹)
310 2274 397 2308 Edd.
422 2274 522 2308 Huet.
547 2285 631 2308 sunt.

289 2409 303 2417 ο
