1403 2492
409 46 723 80 Onici-:mmmmm
749 46 862 80 mez
887 47 930 80 tt.
1170 45 1234 80 311

97 148 180 177 gene
201 135 384 168 adhibitam
402 135 618 180 repudiabis?
645 136 671 167 A
689 135 832 168 librariis
856 135 980 179 scripta
998 133 1068 179 ejus
1092 134 1231 168 sortasse

99 207 259 242 corrupta
284 198 386 230 fuisse
411 198 572 238 dicimus;
603 206 678 229 ante
713 196 836 229 Arium
868 196 977 229 minus
1009 204 1104 228 caute
1136 195 1231 228 locu—

95 267 167 291 tum
194 259 470 303 pronuntiamus,
499 259 553 291 vel
585 258 652 291 alio
678 272 774 291 sensu
796 258 979 303 scripsisse,
1004 258 1058 290 vel
1083 256 1227 302 denique

96 333 237 352 errasse:
263 320 432 353 idcircone
457 320 633 353 haereseos
664 320 774 364 ipsum
800 320 995 353 damnabis?
1029 319 1142 352 Allata
1167 319 1226 351 de—

93 395 188 414 mum
212 383 350 415 Pau-um
375 382 517 414 aliorum
552 382 705 425 exempla
737 381 892 413 deridens
916 381 978 420 ait,
1009 393 1077 413 non
1110 380 1225 412 haere-

93 455 167 475 seos
190 443 382 487 suspicione
409 457 523 476 vacare
549 445 750 486 Origenem,
782 441 910 475 etiamsi
942 442 975 474 in
1008 441 1137 474 haeresi
1161 442 1225 474 Pa-

94 513 159 536 tres
185 504 243 537 alii
269 505 406 538 suerint.
452 506 644 538 Dicendum
669 506 784 550 potius
809 504 939 537 haeresi
965 517 1081 537 vacare
1105 502 1225 546 Orige-

91 578 179 605 nem,
205 566 354 610 quamvis
379 567 412 599 in
437 581 568 600 errores
592 568 705 612 lapsus
730 567 791 606 sit,
823 566 915 611 quod
947 565 1084 610 paribus
1107 563 1223 609 impli-

90 627 146 659 citi
172 627 343 660 erroribus
366 629 492 668 Patres,
518 629 610 661 omni
634 638 745 661 tamen
771 629 946 661 haerescos
966 636 1047 659 nota
1069 626 1135 659 sint
1158 625 1223 658 im-

89 701 215 723 munes.
274 689 450 722 Mutii-atae
484 691 706 734 postmodum
748 690 911 735 epistolae
947 687 1140 721 Adamantii
1176 688 1220 719 ad

89 750 215 783 amicos
246 750 490 784 Alexandrinos
523 753 682 784 Rufinum
718 751 826 794 arguit
849 751 1096 796 Hieronymus3
1129 757 1169 780 ut
1191 748 1219 780 si

87 812 158 856 quis
181 811 375 844 mutilatum
399 825 418 845 a
442 826 495 845 me
520 814 721 858 scriptorem
747 826 817 846 csse
841 813 941 852 dicat,
964 825 1043 844 cum
1066 809 1219 843 testimo—

84 873 177 905 nium
202 873 344 918 aliquod
369 887 407 906 ex
431 888 472 907 eo
505 875 558 906 vel
590 876 815 917 fragmentum
847 875 888 907 ad
914 887 988 907 rem
1010 873 1045 906 in
1070 872 1217 916 disputa-

85 935 178 967 tione
202 935 348 979 positam
371 936 543 980 pertinens
568 937 723 969 adduco:
756 949 919 980 quorsum
946 936 1038 968 enim
1061 932 1217 975 origenis

82 997 239 1029 adversus
263 997 479 1030 Demetrium
510 999 680 1042 querelas,
721 1011 805 1043 quae
838 998 871 1030 in
897 998 1028 1042 reliqua
1053 995 1216 1040 epistolae

83 1067 177 1102 parte
203 1059 436 1099 continentur,
467 1060 637 1092 retulisset
662 1060 820 1099 Rufinus,
853 1060 895 1092 de
920 1059 1084 1091 librorum
1109 1055 1214 1101 ipsius

83 1120 358 1164 constupratione
381 1120 506 1162 agens?
545 1123 596 1154 Ad
620 1122 653 1154 id
678 1130 809 1160 autem,
833 1122 927 1165 quod
951 1128 1117 1154 caussatus
1142 1118 1215 1150 sue-

81 1191 131 1214 rat
156 1181 319 1223 Origenes
350 1182 382 1214 in
415 1182 558 1226 epistola
590 1184 631 1215 ad
656 1182 920 1222 Alexandrinos,
944 1182 1170 1215 adulteratum
1193 1191 1212 1210 a

80 1243 236 1275 Candido
262 1243 499 1276 Valentiniano
523 1244 692 1277 haeretico
718 1244 824 1277 habiti
846 1258 960 1277 secum
981 1242 1120 1284 Dialogi
1143 1242 1211 1275 Co-

79 1305 201 1344 dicem,
223 1304 359 1350 subjicit
382 1305 629 1352 Hieronymus.-
664 1306 908 1349 »Intelligimus
933 1306 967 1338 in
991 1306 1057 1338 hoe
1078 1312 1210 1337 tantum

78 1367 225 1409 Dialogo
250 1368 291 1398 ab
316 1367 464 1410 Origene
489 1368 581 1410 argui
613 1368 815 1401 haereticam
846 1369 1045 1407 salsitatem,
1077 1375 1111 1399 et
1138 1377 1209 1397 non

78 1428 112 1460 in
138 1428 257 1461 ceteris
282 1428 387 1468 libris,
411 1429 452 1461 de
477 1429 598 1474 quibus
621 1444 794 1475 nunquam
825 1430 977 1476 quaestio
1008 1429 1090 1462 fuit:
1124 1426 1210 1459 alio-

77 1489 134 1533 qui
157 1489 184 1521 si
210 1489 322 1522 omnia
348 1503 432 1534 quae
456 1491 624 1524 haeretica
647 1501 735 1532 sunt,
758 1505 828 1525 non
846 1501 944 1525 erunt
958 1489 1125 1532 origenis,
1147 1488 1207 1521 sed

76 1551 346 1591 naereticorum,
371 1565 488 1585 omncs
512 1563 623 1585 autem
649 1555 904 1599 propemodum
927 1553 1018 1586 illius
1029 1550 1132 1585 Tomi
1156 1549 1207 1582 his

75 1612 245 1644 erroribus
266 1613 359 1656 pleni
382 1623 470 1654 sunt,
497 1614 579 1646 nihil
605 1615 761 1656 Origenis
787 1615 862 1656 erit,
885 1616 944 1648 sed
966 1627 1096 1652 eorum,
1122 1625 1206 1656 quo—

75 1687 148 1706 rum
174 1673 365 1715 ignoramus
390 1676 585 1707 vocabula.«
637 1677 730 1719 Quid
763 1678 821 1709 fuet
852 1686 965 1709 autem
994 1677 1101 1709 altera
1126 1673 1204 1709 Orl-

74 1736 165 1778 gcnis
189 1736 342 1779 epistola,
367 1735 400 1768 in
426 1749 489 1780 qua
513 1737 629 1769 scribit
654 1739 793 1771 Rufinus
818 1752 932 1784 parem
958 1738 1072 1771 haberi
1096 1738 1138 1769 de
1163 1736 1203 1768 li-

74 1797 140 1830 bris
164 1797 236 1842 ejus
260 1796 393 1829 violatis
419 1798 691 1842 querimoniam?
714 1800 849 1834 Deinde
872 1815 940 1834 non
965 1801 1001 1833 id
1027 1799 1114 1831 velle
1133 1799 1203 1830 Ru-

74 1861 177 1891 finum
198 1859 352 1899 diximus,
377 1873 597 1905 quaecunque
622 1862 786 1895 haeretica
811 1872 888 1895 sunt
911 1863 944 1894 in
968 1860 1124 1903 Origenis
1150 1860 1201 1891 lu-

73 1921 336 1960 cubrationibus,
360 1921 616 1955 Haereticorum
643 1936 724 1963 esse,
748 1925 807 1956 sed
833 1937 871 1956 ea
900 1933 1048 1962 tantum,
1079 1922 1201 1966 quibus

72 1992 293 2027 repugnantes
317 1983 494 2016 sententias
521 1984 686 2026 Origenes
709 1985 859 2018 asseruit.
908 1987 944 2018 In
979 1999 1032 2030 ep.
1064 1995 1199 2028 quoquc

69 2046 125 2079 65.
150 2046 190 2077 ad
215 2045 468 2078 Pammachium
495 2056 529 2078 et
551 2046 727 2079 Oceanum
761 2060 833 2092 cap.
858 2047 889 2081 4.
921 2049 1027 2079 multa
1057 2045 1090 2078 in
1123 2058 1199 2076 ean-

69 2107 146 2139 dem
162 2106 359 2139 sententiam
379 2107 607 2153 Hieronymus
632 2108 772 2150 colligit,
797 2109 956 2154 idemque
970 2109 1078 2147 habet,
1104 2107 1197 2151 quod

69 2168 101 2200 in
128 2168 297 2212 Apologia
323 2169 479 2201 adversus
514 2170 624 2202 Rufin.
659 2171 874 2215 propositum
900 2181 966 2211 est,
998 2179 1031 2203 et
1056 2183 1072 2201 a
1099 2167 1196 2201 nobis

67 2244 166 2274 supra
191 2231 421 2270 confutatum,
453 2244 577 2275 nempe
602 2232 796 2266 defensores
821 2233 989 2276 Origenis,
1011 2229 1196 2264 Eusebium
