1403 2492
362 95 670 127 Omommnonum
702 93 814 125 Lmen
840 93 885 124 ΙΙ.
1151 93 1195 129 83

55 180 104 213 sio
131 181 221 221 haec,
246 182 383 215 Patrnm
409 183 609 216 auctoritate
634 182 794 223 sussulta3
818 181 950 214 etiamsi
974 182 1078 224 gratia
1102 193 1193 216 recte

58 243 152 276 factis
180 243 356 277 hominum
382 244 567 289 promerita
593 243 798 289 quandoque
832 243 980 282 dicatur,
1014 256 1083 277 non
1106 257 1194 277 sem-

57 318 119 349 per
142 314 254 338 tamen
280 306 413 339 excludi
439 306 538 338 aliam
562 305 701 347 gratiam
726 306 993 345 antecedentem,
1017 305 1111 352 cujus
1134 319 1194 339 au-,

54 367 136 399 xilio
162 367 314 400 homines
338 377 427 400 recte
461 377 621 410 egerunt3
650 368 709 400 sed
739 366 849 399 minus
872 367 1017 410 spectari
1040 367 1193 412 priorem

54 428 160 469 illam,
186 430 278 474 quod
303 442 321 462 a
344 429 460 462 salutis
484 429 724 474 impetratione
746 427 914 462 remotior
937 428 981 460 sit
1005 441 1106 473 quam
1128 443 1193 474 po-

53 491 176 523 sterior
199 492 320 531 altera,
352 491 431 524 licet
463 492 504 524 ad
537 503 611 523 eam
636 490 908 535 consequendam
930 491 1113 524 necessaria
1137 491 1190 526 sit.

53 552 169 585 Facile
192 553 329 589 solutio¹
345 553 425 586 haec
450 553 606 598 plurimis
631 552 824 586 Adamantii
853 552 1028 585 sententiis
1058 566 1191 586 accom-

55 615 269 654 modaretur,
300 615 333 647 in
365 614 487 658 quibus
517 614 657 655 gratiam
691 627 729 647 ex
760 614 1038 659 praecedentibus
1062 615 1191 649 meritis

56 676 194 708 derivat.
261 675 462 722 Cujusmodi
498 675 586 709 illud
622 680 689 716 est{
729 676 822 721 quod
857 688 937 708 mox
972 675 1189 710 adduximus:

59 739 197 770 »Deum
222 750 308 782 quae
334 738 432 780 digua
455 748 534 770 sunt
558 738 823 771 sanctificatione
855 737 1082 778 sanctificare,
1114 738 1192 783 Spi-

53 799 135 832 ritus
158 799 263 832 sancti
287 799 427 841 gratiam
460 798 565 841 dignis
596 800 799 843 praestat-iz«
831 799 1039 844 respondere
1064 799 1191 845 quippe

53 869 227 904 promtum
252 870 348 900 esset,
373 873 430 893 eos
455 860 603 905 Spiritus
627 861 732 894 sancti
755 861 858 904 gratia
879 871 913 894 et
927 861 1190 895 sanctificatione

54 934 124 954 esse
148 922 277 965 dignos,
291 922 361 967 qui
385 935 447 966 per
470 923 727 956 antecedentem
741 923 880 966 gratiam
898 923 990 964 digni
1004 923 1084 955 facti
1102 933 1188 956 sunt.

54 983 138 1016 Tale
176 993 226 1017 est
266 983 332 1017 hoc
368 984 546 1027 Augustini
590 985 723 1029 epistol.
759 985 813 1019 49.
858 985 899 1017 ad
940 985 1017 1016 Deo
1059 984 1197 1029 gratias,-

53 1044 191 1088 Quaest.
215 1045 248 1079 2.
302 1046 425 1080 »Salus
457 1047 629 1088 religionis
653 1046 768 1092 hujus,
794 1059 856 1091 per
880 1059 980 1091 quam
1003 1046 1112 1078 solam
1137 1060 1192 1079 ve-

54 1119 125 1140 ram
149 1107 237 1140 salus
261 1121 356 1149 vera,
394 1108 626 1152 veraciterque
658 1109 888 1152 promittitur,
927 1107 1012 1140 nulli
1041 1122 1190 1152 unquam

55 1168 174 1208 defuit,
200 1169 257 1213 qui
283 1169 400 1210 dignus
426 1169 508 1210 fuit;
541 1178 575 1201 et
606 1170 659 1202 cui
684 1170 808 1209 defuit,
842 1170 961 1212 dignus
985 1182 1054 1202 non
1078 1170 1188 1202 fuit:«

56 1239 89 1262 et
119 1230 206 1263 illud
238 1230 470 1276 Chrysostomi
494 1230 622 1264 Homil.
650 1231 701 1266 16.
735 1233 768 1263 in
800 1232 895 1276 epist.
928 1231 971 1263 ad
1003 1231 1190 1264 Romanos:

61 1291 154 1330 Toirg
178 1292 299 1331 ἀξίους
331 1290 348 1326 ὁ
382 1292 464 1329 θεὸς
499 1289 573 1327 οἶδε
598 1291 723 1338 μόνος.
771 1294 839 1327 Sed
878 1294 1016 1326 Pati-um
1051 1292 1191 1325 illorum

55 1353 228 1386 doctrinae
251 1362 382 1385 textura
412 1353 670 1397 responsionem
702 1353 895 1399 hujusmodi
927 1353 1024 1386 facile
1055 1353 1190 1398 patitur,

55 1427 154 1459 quam
179 1413 403 1456 origenianae
429 1423 602 1447 contextus
627 1415 767 1447 omnino
792 1414 932 1459 respuit.

145 1479 257 1520 Atque
280 1475 316 1508 id
340 1476 462 1516 obstat,
487 1489 554 1521 quo
579 1476 688 1509 minus
706 1477 748 1509 ad
766 1476 907 1509 tutelam
923 1475 1191 1525 Origenissquicf

56 1550 156 1582 quam
180 1538 372 1571 conducant
394 1538 518 1571 selecta
543 1539 707 1583 quaedam
733 1538 824 1579 loca,
856 1537 890 1570 in
921 1537 1042 1582 quibus
1067 1539 1191 1580 gratiae

55 1598 186 1632 divinae
210 1599 370 1632 meritum
399 1613 439 1632 ac
470 1599 665 1642 dignitatem
695 1600 869 1644 praeclare
897 1599 1032 1640 videtur
1060 1614 1191 1647 propu-

57 1672 173 1702 gnare:
205 1660 395 1706 cujusmodi
427 1661 486 1693 ille
519 1671 567 1694 est
598 1674 615 1693 e
641 1661 715 1694 libr.
742 1662 765 1693 I.
792 1664 875 1708 περὶ
901 1661 1035 1706 ἀρχῶν,
1061 1675 1132 1707 cap.
1156 1664 1190 1696 ὅ.

57 1735 146 1755 num.
172 1722 216 1762 3.‚
241 1722 299 1755 ubi
322 1723 454 1755 fontem
479 1735 548 1755 esse
579 1723 683 1755 totius
713 1723 896 1756 sanctitatis
927 1723 1094 1767 Spiritum
1118 1738 1191 1757 san-

58 1792 148 1816 ctum
172 1784 297 1824 asserit,
324 1798 360 1816 ex
387 1797 497 1829 eoque
521 1784 731 1816 sanctitatem
752 1785 918 1829 accepisse
933 1785 1100 1829 quidquid
1117 1799 1191 1818 san-

60 1853 150 1877 ctum
174 1855 240 1878 est:
268 1862 284 1877 υ
299 1845 466 1879 Similiter
489 1858 636 1890 quoque,
651 1859 666 1873 u
694 1845 822 1890 inquit,
856 1855 916 1878 »et
939 1855 1056 1878 natura
1082 1847 1191 1891 Spiri-

58 1915 110 1938 tus
136 1907 248 1947 sancti‚
274 1920 358 1952 quae
381 1916 492 1940 sancta
519 1916 584 1946 est,
608 1920 676 1939 non
701 1906 824 1951 recipit
854 1907 1101 1951 pollutionem;
1133 1922 1190 1942 na.

59 1967 211 1999 turaliter
235 1968 333 2007 enim,
358 1970 409 2001 vel
438 1968 701 2002 substantialiter
724 1976 836 2000 sancta
867 1977 925 2001 est.
975 1968 1011 2002 Si
1046 1983 1109 2014 qua
1133 1983 1192 2002 au-

57 2038 126 2060 tem
152 2028 214 2061 alia
239 2038 355 2061 natura
376 2039 488 2062 sancta
513 2039 579 2070 est,
605 2043 643 2062 ex
667 2028 870 2062 assumtione
894 2029 972 2072 hac,
1011 2030 1064 2062 vel
1088 2030 1191 2076 inspi-

59 2090 187 2122 ratione
213 2090 357 2135 Spiritus
383 2091 486 2124 saneti
510 2092 619 2131 habet,
644 2101 681 2124 ut
706 2090 950 2131 sanctificetur,
977 2104 1044 2124 non
1070 2105 1109 2124 ex
1133 2106 1190 2126 sua

59 2161 175 2184 natura
199 2152 263 2184 hoc
288 2151 475 2196 possidens,
507 2154 566 2186 sed
591 2153 742 2186 accidens
766 2153 845 2187 sihi:
863 2155 893 2197 ¹)
924 2163 1066 2198 propter
1098 2156 1191 2198 quod

158 2274 186 2316 ¹)
213 2273 317 2304 Deest
347 2274 463 2306 »sibi«
493 2276 524 2306 in
552 2276 626 2307 edd.
653 2276 694 2307 H.
