1403 2492
405 92 720 126 Onici-immonni!
744 91 858 124 Lmssn
875 91 922 123 ΙΙ.
1200 92 1219 125 7

83 183 137 216 vel
162 182 306 225 gloriae,
337 182 391 215 vel
416 180 620 224 ignominiae
651 194 689 213 ac
711 193 842 225 poenae
867 181 987 223 gradus
1013 180 1112 213 fuisse
1139 194 1218 214 con-

81 254 229 286 secutas3
259 244 339 277 alias
370 244 536 289 siquidem
568 242 764 285 angelorum
789 242 927 286 adeptas
959 255 1028 275 esse
1052 252 1216 285 naturam,

83 318 168 350 quae
193 305 360 338 leviorum
385 314 493 338 essent
516 317 678 337 noxarum
704 314 834 345 sontes;
860 317 944 349 quae
977 314 1093 337 contra
1118 305 1215 338 liberi

81 367 211 400 arbitrii
242 380 381 400 munere
412 367 445 399 in
477 367 624 400 deterius
656 366 795 399 fuissent
821 367 960 405 abusae,
995 366 1029 399 in
1055 367 1216 400 crassiora

81 441 238 474 corpora,
261 429 409 462 siderum
434 437 527 473 puta,
551 428 605 460 vel
632 429 847 469 daemonum,
871 429 926 461 vel
950 428 1126 461 hominum
1145 441 1215 462 esse

80 491 270 535 depressas3
303 491 351 523 sic
373 499 504 529 tamen,
536 499 575 522 ut
599 503 802 535 quocunque
825 490 892 523 sint
916 490 1013 530 loco,
1046 491 1214 535 proficere

79 552 211 597 possint
233 553 267 585 in
297 552 438 592 virtute,
469 552 523 584 vel
555 561 671 585 contra
695 551 801 584 relabi
825 552 859 584 in
883 551 981 593 vitia;
1017 561 1050 584 et
1073 565 1136 597 pro
1161 565 1214 585 re-

80 626 208 656 gressus
231 614 299 653 sui,
330 614 385 646 vel
415 626 612 658 progressus
642 613 789 654 ratione,
827 614 868 646 ad
899 613 1110 658 superiorem
1136 626 1213 646 eve-

78 676 201 708 hamur
229 685 372 717 statum,
402 676 457 708 vel
487 676 530 708 ad
561 675 759 708 inferiorem
793 676 1025 709 detrudantur.
1072 676 1162 709 Huic
1178 675 1213 721 ¹)

78 748 213 781 quoque
242 737 433 770 conditioni
457 738 602 770 animam
628 738 790 780 obligavit
813 737 957 778 Christi,
982 750 1123 782 eamque
1146 750 1211 782 pro

75 811 209 831 summo
233 811 295 831 suo
319 799 478 832 adversus
501 800 614 832 Deum
639 813 772 839 amore,
803 800 918 833 Verbo
943 799 978 832 in
1000 813 1105 832 unum
1132 812 1213 832 con-

74 859 223 905 junctam
246 860 349 893 fuisse
373 861 502 900 voluit,
531 871 631 906 atque
661 861 740 895 inde
766 875 891 906 corpus
915 861 949 894 in
974 863 1090 894 beatae
1113 860 1212 903 virgi-

75 922 126 954 nis
150 922 279 955 Mariae
308 932 406 955 utero
438 924 622 956 formatum
651 924 802 956 subiisse.
857 923 886 956 E
909 923 1080 956 mentibus
1104 935 1210 967 porro

75 982 163 1024 illis,
191 997 275 1028 quae
299 976 484 1026 angelicam
510 994 619 1018 essent
644 995 813 1019 assecutae
841 986 1093 1025 conditionem,
1126 998 1211 1017 non-

75 1046 184 1078 nullas
204 1046 329 1079 Christi
352 1047 521 1079 imitantes
545 1048 703 1080 adversus
727 1047 909 1080 humanum
934 1060 1035 1089 genus
1058 1060 1209 1079 amorem

75 1115 110 1138 et
132 1107 317 1147 caritatem,
341 1109 395 1141 vel
421 1109 494 1141 aliis
520 1110 562 1141 de
586 1109 691 1142 causis
717 1122 734 1141 a
749 1110 826 1142 Deo
851 1109 976 1149 missas,
1001 1122 1134 1142 carnem
1160 1121 1211 1141 as-

74 1168 229 1201 sumsisse
254 1170 373 1209 sensit,
406 1179 440 1202 et
470 1171 733 1215 prophetarum,
765 1181 1026 1215 sanctorumque
1058 1171 1208 1202 virorum

75 1242 254 1273 personam
279 1231 414 1272 gessisse
438 1232 472 1264 in
496 1233 610 1272 terris,
644 1242 677 1264 et
707 1233 748 1265 ad
774 1233 964 1277 exemplum
990 1231 1114 1265 Christi
1138 1243 1209 1263 sese

75 1301 319 1336 componentes
340 1293 516 1326 hominum
540 1293 751 1338 reliquorum
767 1295 867 1327 saluti
885 1293 1102 1327 consuluisse.
1137 1293 1211 1325 Ho—

75 1365 150 1385 rum
177 1353 328 1386 omnium
351 1364 482 1399 partem
509 1355 812 1388 demonstravimus
836 1355 902 1401 jam
928 1368 1046 1400 supra,
1076 1363 1208 1399 partem

72 1414 128 1447 hic
150 1415 384 1449 declarandam
407 1416 623 1450 servavimus.

161 1476 306 1511 Minime
331 1491 412 1511 vero
437 1479 536 1511 nobis
564 1478 689 1511 diutius
713 1477 964 1512 immorandum
990 1487 1040 1511 est
1062 1478 1097 1510 in
1122 1477 1207 1509 locis

73 1538 289 1580 colligendis,
337 1540 457 1584 quibus
497 1540 684 1574 animarum
722 1538 953 1586 προΰπαρξιν
987 1539 1208 1573 Adamantius

70 1599 220 1633 asseruit.
267 1601 388 1634 Patent
411 1602 463 1634 illi
485 1602 669 1648 unicuique
694 1603 848 1644 obviarn,
871 1612 904 1635 et
928 1602 1002 1635 viro
1026 1615 1096 1635 non
1120 1601 1208 1634 mul—

71 1669 143 1694 tum
169 1662 323 1704 diligenti
346 1664 538 1709 frequentes
564 1675 756 1699 occurrunt.
793 1666 1125 1707 InsignesAduntaxat
1148 1662 1209 1695 ali·

70 1723 141 1768 qui,
165 1737 229 1768 pro
254 1738 350 1757 more
373 1735 502 1765 nostru,
526 1726 607 1759 fidei
631 1727 861 1760 conciliandae
889 1727 992 1769 gratia
1017 1723 1208 1759 adducendi

72 1794 160 1826 sunt,
183 1795 318 1830 praeter
347 1799 414 1827 eos,
442 1801 526 1832 quos
550 1787 616 1833 jam
641 1801 740 1833 supra
759 1789 976 1834 protulimus,
1002 1802 1079 1821 cum
1102 1786 1207 1831 ipsius

73 1847 272 1881 sententiam
313 1849 354 1881 de
391 1850 588 1891 angelorum
623 1850 751 1882 meritis
787 1851 1050 1895 exploraremus.
1114 1849 1207 1881 Ante

75 1908 160 1941 alios
184 1911 412 1943 observandus
435 1911 529 1944 venit
552 1911 612 1944 ille
637 1925 654 1944 e
681 1912 756 1945 libr.
781 1913 823 1947 ll.
850 1915 935 1957 περὶ
960 1912 1101 1956 ἀρχῶν,
1136 1923 1207 1954 cap.

72 1969 106 2004 8.
130 1983 222 2004 num.
247 1972 278 2005 3.
304 1982 338 2005 et
362 1972 411 2014 4.‚
442 1973 478 2006 in
509 1986 577 2018 quo
608 1982 741 2006 naturas
771 1974 847 2007 illas
871 1974 1001 2007 ratione
1025 1973 1207 2018 pollentes,

73 2045 159 2077 quae
183 2045 201 2064 a
216 2032 294 2066 Deo
316 2034 465 2078 primum
490 2046 686 2080 procreatae
710 2046 797 2077 sunt,
820 2035 1018 2082 priusquam
1041 2034 1123 2068 boni
1148 2033 1209 2067 ali—

75 2093 159 2139 quid
190 2094 246 2127 vel
273 2094 355 2128 mali
384 2096 419 2129 in
452 2110 486 2130 se
519 2098 771 2143 concepissent,
809 2109 939 2132 mentes
962 2098 1064 2131 fuisse
1087 2096 1208 2130 tradit:

171 2229 203 2273 ¹)
228 2229 316 2262 Vide
340 2243 440 2275 supra
463 2231 769 2266 animadversiones
785 2243 914 2267 nostras
932 2234 965 2267 in
981 2234 1120 2277 Quaest.
1134 2241 1209 2266 tert

83 2275 124 2307 de
149 2274 286 2308 Christo
310 2287 400 2308 num.
426 2275 459 2310 6.
484 2277 523 2309 R.
