1403 2492
204 93 269 128 14&
532 90 645 124 Pii-rm
671 91 846 124 Dameus
872 91 1003 125 Humi

204 192 336 216 sanctos
361 181 600 214 tantummodo
626 181 821 226 pertinebit.
873 181 1061 214 Confirmat
1087 191 1120 214 et
1143 182 1228 215 alter
1243 182 1303 215 ille
1333 196 1350 213 e

205 246 401 279 Commeat.
427 243 460 276 in
487 243 608 276 Psalm.
638 244 666 278 1.
698 243 855 275 recitatus
887 245 928 276 ab
952 243 1146 288 Epiphanio
1171 244 1271 277 Haer.
1298 244 1351 278 64.

207 320 280 351 cap.
307 306 359 341 10.
385 315 417 338 et
445 305 516 344 12..
557 319 626 351 quo
658 304 886 349 simpliciores
919 305 1108 350 quosdam,
1150 305 1253 338 fretos
1289 305 1350 338 illo

207 367 396 401 Davidico:
436 368 619 412 wilde-0¹)
655 381 722 399 non
761 377 935 409 resurgent
966 367 1064 412 impii
1098 367 1131 400 in
1157 366 1350 413 judiciem.-

206 429 456 463 resurrectione
492 438 549 462 aut
581 428 708 474 judicio
743 428 930 471 dignandos
955 441 972 462 a
996 429 1075 462 Deo
1101 430 1209 462 malos
1234 441 1353 471 negare

207 492 265 532 ait,
290 504 359 525 non
384 491 465 524 satis
490 500 606 536 apeme
640 490 844 530 indicantes,
884 490 966 535 quid
992 490 1275 524 resurrectionem
1299 499 1356 523 aut

206 553 370 600 judicium
396 566 465 586 esse
490 553 706 586 arbitrentur.

297 616 360 650 XI.
407 615 570 649 Ceterum
593 623 631 647 ut
655 614 735 647 alias
759 614 831 647 fere
856 627 1002 660 semper,
1026 614 1071 647 ita
1095 615 1130 647 in
1151 613 1203 647 his
1219 625 1357 658 quoque

210 678 253 711 de
278 677 526 710 resurrectione
553 675 808 721 quaestionibus
833 676 978 710 Platone
1008 676 1169 719 magistro
1204 688 1284 708 usus
1309 683 1358 707 est

211 739 438 774 Adamantius.
485 739 656 772 Futurum
681 738 810 783 quippe
837 738 970 785 aiebant
993 737 1186 777 Platonici,
1217 746 1254 770 ut
1287 736 1357 769 ani-

210 814 285 835 mae
311 801 394 835 olim

428 862 639 908 incipiant2)
663 862 698 895 in
724 874 869 907 corpora
897 861 984 894 velle
1009 861 1142 901 reverti,

211 938 334 970 easque
368 925 403 957 in
436 937 582 969 corpora
616 937 633 957 a
666 923 838 969 prioribus
871 923 1002 956 diversa
1034 923 1108 956 fore
1139 923 1356 956 revocandas.

210 986 442 1020 Tertullianus
469 986 557 1019 libro
585 987 627 1019 de
653 996 831 1019 resurrect.
859 985 976 1025 carnis,
1003 998 1075 1029 cap.
1102 986 1132 1019 1.
1168 984 1356 1018 »Platonici

210 1048 440 1082 immortalem
473 1049 619 1081 animam
653 1061 670 1080 e
704 1048 873 1080 contrario
909 1047 1110 1079 reclamant:
1142 1047 1212 1079 imo
1249 1047 1358 1079 adhuc

211 1110 365 1155 proxime
391 1109 492 1142 etiam
517 1113 551 1143 in
577 1123 723 1154 corpora
747 1109 967 1142 remeabilem
993 1109 1173 1148 affirmant„
1198 1108 1259 1141 etsi
1288 1121 1357 1141 non

211 1171 245 1205 in
271 1172 421 1204 eadem«
472 1172 647 1214 Legendus
679 1171 778 1204 Plato
813 1171 871 1204 lib.
899 1171 950 1206 10.
983 1171 1025 1203 de
1050 1170 1201 1215 republ,
1234 1170 1293 1202 ubi
1320 1184 1358 1202 cx

210 1233 294 1267 Heri
327 1232 519 1279 Pamphylii
551 1246 714 1279 persona,
751 1233 882 1266 animae
922 1241 1045 1266 statum
1086 1242 1161 1277 post
1202 1241 1359 1271 mortem,

211 1309 352 1340 poenas,
376 1294 676 1340 μεημψύχωσιν,
702 1305 735 1328 et
758 1295 1050 1328 immortalitatem
1078 1294 1248 1327 describit.
1289 1294 1357 1327 Sed

211 1351 322 1389 multo
348 1357 451 1398 magis
477 1356 509 1389 in
535 1357 736 1397 Phaedone,
770 1371 838 1402 quo
871 1356 1046 1390 materiam
1078 1356 1171 1389 illam
1197 1355 1357 1388 exhaurit.

214 1419 388 1461 Legendus
425 1432 562 1463 quoque
599 1420 804 1462 Augustinus
838 1419 895 1452 lib.
926 1419 1038 1451 XXH.
1071 1419 1113 1451 de
1147 1418 1246 1451 Civit.
1279 1417 1357 1457 Dei,

214 1493 287 1525 cap.
312 1480 367 1514 26.
393 1489 426 1512 et
450 1480 504 1514 27.

305 1542 386 1575 ΧΠ.
433 1542 502 1575 Sed
527 1554 569 1574 ne
593 1541 732 1574 solitum
759 1541 897 1583 Origeni
930 1550 1048 1573 nostro
1082 1541 1168 1585 desit
1193 1541 1357 1578 officium,

213 1603 241 1638 si
267 1616 352 1649 quae
377 1603 410 1635 in
437 1602 507 1650 ejus
533 1603 759 1647 patrocinium
785 1613 920 1648 praeter
941 1602 1116 1648 superiora
1141 1602 1255 1645 colligi
1279 1615 1358 1647 pos·

213 1674 301 1706 sunt,
326 1664 442 1709 paucis
468 1662 804 1709 comprehendamus.
852 1665 921 1698 Sua
945 1664 1094 1709 primum
1127 1664 1180 1697 illi
1204 1664 1237 1697 in
1262 1664 1358 1710 hujus

214 1726 402 1769 argumenti
427 1726 626 1759 tractatione
652 1727 743 1760 favet
766 1726 1002 1766 inconstantia,
1027 1739 1112 1772 quae
1138 1739 1214 1759 cum
1241 1739 1279 1759 ex
1302 1739 1355 1759 su-

215 1788 408 1834 perioribus
433 1788 510 1821 satis
534 1787 712 1821 manifesta
736 1792 797 1829 est‚'
820 1798 892 1822 tum
919 1801 958 1821 ex
983 1801 1024 1821 eo
1051 1788 1174 1828 etiam,
1198 1788 1292 1833 quod
1315 1789 1358 1821 de

215 1851 283 1884 fine
309 1863 422 1883 rerum
451 1838 635 1895 disputans,
660 1859 692 1882 et
717 1859 831 1883 utrum
857 1851 890 1883 in
917 1863 1074 1895 corpore,
1100 1863 1140 1882 au
1167 1859 1257 1883 extra
1283 1863 1354 1883 cor·

214 1926 278 1958 pus
301 1925 458 1957 suprema
482 1911 641 1945 beatitate
667 1912 801 1944 fruituri
826 1912 929 1944 simus
962 1911 1153 1956 inquirens,
1184 1911 1355 1956 triplicem

216 1974 416 2019 opinionem
449 1973 632 2019 unicuique
663 1986 726 2018 pro
761 1973 859 2006 libitu
891 1973 1160 2018 persequendam
1192 1973 1358 2017 proponit

216 2036 291 2069 libr.
319 2037 360 2070 ll.
385 2039 467 2080 περὶ
495 2036 634 2080 ἀρχῶν.
670 2047 740 2079 cap.
766 2034 797 2070 3.
823 2049 915 2068 num.
943 2035 992 2075 7.,
1025 2047 1125 2080 quem
1160 2035 1273 2066 locum
1304 2047 1353 2066 re-

213 2098 301 2141 petit
334 2097 562 2143 Hieronymus
593 2096 727 2142 epistol.
763 2096 814 2130 50.
848 2098 888 2129 ad
927 2096 1012 2129 Avit.
1052 2109 1122 2141 cap.
1156 2095 1188 2128 2.
1244 2095 1352 2139 Caput

307 2230 339 2274 ¹)
365 2231 487 2265 Psalm.
515 2231 539 2270 l,
563 2232 594 2266 5.

303 2288 336 2330 2)
363 2286 433 2320 Csr.
461 2287 574 2329 virgil.
603 2288 741 2321 Aeneid.
767 2288 823 2322 lib.
852 2289 907 2320 vl.
937 2301 1017 2324 vers,
1050 2287 1123 2321 751.
