1403 2492
374 77 685 111 Omoexmxonum
712 74 822 106 Lmen
847 73 890 105 11.
1127 73 1193 107 303

69 167 196 200 domus.
244 166 420 199 Praeclare
454 164 650 209 Pamphilus
689 163 723 195 in
740 163 771 206 ¹)
809 162 1021 195 praefatione
1060 165 1192 208 Apolo-

69 229 156 270 giae:
186 228 423 273 »Consequens
448 236 517 260 erat
541 240 579 258 ex
604 226 652 258 liis
686 224 841 256 omnibus
875 225 1030 257 laborum
1062 235 1095 258 ct
1124 236 1193 258 stu-

69 290 203 322 diorum
231 303 370 322 suorum
393 288 592 321 testimoniis
617 286 776 331 amplecti
807 286 908 318 talem
940 287 1066 327 virum,
1098 288 1195 331 (Ori-

68 351 214 394 genem),
238 359 271 382 et
295 363 404 396 neque
428 349 634 382 defensionis
658 348 770 381 studio
803 348 879 392 plus
911 349 989 381 dare
1015 349 1045 381 ei
1069 349 1195 389 meriti,

70 426 168 457 quarn
193 424 347 445 mensura
381 411 551 456 deposcit3
584 423 693 455 neque
724 422 837 442 rursus
865 411 1077 443 obtrectandi
1110 411 1192 443 vitio

69 473 167 506 facile
192 474 433 512 condemnare,
474 482 506 504 et
535 472 682 504 alienum
713 473 753 504 ab
786 471 1010 504 ecclesiastica
1041 473 1194 505 doctrina

68 544 195 567 temere
226 533 460 579 pronuntiare:
500 547 575 566 cum
614 543 793 577 utrumque
834 532 923 565 istud
958 533 1194 578 praecipitium

68 597 249 641 providens
267 605 341 628 ante
357 595 488 628 divinus
502 608 611 627 sermo
627 594 837 639 prohibuerit
850 594 962 627 dicens
974 609 1004 627 z«
1028 609 1044 624 »
1052 596 1144 628 »Non
1159 597 1196 639 2)

69 657 112 690 sit
134 658 167 690 in
191 667 224 690 te
249 669 402 690 mensura
426 656 550 701 major,
587 669 696 701 neque
721 669 876 689 mensura
906 656 1036 688 minor:
1067 657 1196 688 ahorn?-

69 719 180 751 nabile
205 727 255 750 est
279 717 366 750 enim
390 717 423 750 in
449 727 632 762 conspectu
656 717 797 749 Domini
818 726 1052 762 utrumque.««
1092 718 1197 750 »Uni-

70 780 190 824 cuique
215 779 302 812 enim
327 788 431 823 prout
456 779 592 821 dignum
618 789 664 812 est
689 780 887 821 retribuere,
911 778 1056 824 justitiae
1081 780 1194 824 hoc3)

68 840 244 885 proprium
270 850 330 874 est.
376 841 524 885 Propter
547 841 639 886 quod
665 850 698 873 et
714 854 868 874 mensura
891 840 1030 884 integra,
1057 850 1090 873 et
1111 854 1198 886 pou-

69 903 131 935 dus
154 902 293 947 aequale
317 903 525 947 acceptabile
551 912 599 935 est
623 903 713 947 apud
737 903 866 944 Deum3
897 915 965 935 non
989 902 1072 943 hoc,
1104 904 1196 947 quod

68 963 232 996 mentitur
266 963 460 1004 veritatem,
496 977 558 1009 per
598 965 690 1009 quod
721 965 774 996 vel
804 965 881 1009 plus
913 965 1058 996 donatur
1086 966 1198 1005 rebus,

69 1038 168 1071 quam
191 1025 310 1058 merita
334 1026 532 1070 deposcunt,
556 1025 610 1058 vel
633 1025 840 1059 subtrahitur
863 1026 1001 1066 meritis,
1026 1027 1119 1070 quod
1140 1027 1199 1059 dc-

69 1088 199 1120 betun«
247 1086 353 1128 Igitur
376 1097 599 1131 utrorumque
631 1086 715 1119 mihi
747 1087 960 1131 improbatur
989 1087 1094 1128 ratio,
1124 1097 1197 1121 tum

71 1149 128 1194 qui
152 1148 318 1193 apologiis
347 1148 414 1180 suis
445 1148 537 1181 omni
569 1149 643 1181 labe
674 1161 815 1193 purgare
846 1147 1028 1189 origenem
1052 1150 1198 1189 student,

70 1221 142 1243 tum
168 1210 225 1255 qui
249 1209 319 1255 ejus
341 1223 467 1243 nomen
491 1211 532 1243 ab
556 1210 696 1243 ecclesia
720 1209 854 1254 penitus
885 1209 1107 1243 detestantur:
1139 1211 1198 1243 sed

70 1273 109 1305 iis
132 1282 261 1312 tamen,
294 1271 352 1317 qui
382 1272 486 1316 ipsius
519 1272 795 1316 propugnandam
826 1282 1044 1315 susceperunt
1069 1286 1199 1305 causam

71 1335 148 1379 plus
171 1335 282 1367 favere
307 1346 360 1366 me
384 1333 568 1378 profiteor3
593 1333 714 1365 scitum
739 1332 866 1377 quippe
892 1342 940 1365 est
965 1334 1040 1377 plus
1065 1347 1124 1366 reo
1151 1335 1200 1367 sa-

72 1397 217 1429 vendum
244 1408 324 1435 esse,
349 1408 449 1439 quam
473 1395 590 1428 actori.

160 1459 203 1491 II.
250 1458 320 1490 Nec
345 1469 400 1488 me
431 1457 642 1501 quorundam
672 1456 847 1488 hominum
879 1466 1018 1489 movent
1043 1457 1200 1497 convitia,

70 1520 128 1565 qui
151 1533 220 1552 non
244 1532 302 1552 sua
325 1519 431 1551 modo
456 1518 653 1550 defensione
684 1518 857 1560 indignum
884 1518 1065 1560 Origenem
1089 1519 1200 1552 existi-

70 1591 172 1621 mant,
196 1581 255 1614 sed
279 1580 318 1613 iis
345 1580 444 1613 etiam
468 1579 667 1613 temeritatis
691 1589 806 1612 notam
832 1579 981 1619 inurunt,
1006 1581 1199 1625 quicunque

69 1643 209 1688 aliquod
234 1642 264 1674 ei
290 1641 511 1674 excusationis
535 1649 703 1685 praestant
731 1641 893 1673 officium.
942 1641 1023 1684 Quo
1055 1655 1115 1674 suo
1142 1643 1200 1674 ‹lc-

74 1714 184 1746 (Ὶ-εῑο,
216 1716 284 1735 non
316 1703 478 1747 quosdam
515 1703 556 1734 de
581 1701 683 1735 trivio
709 1702 922 1743 magistellos,
946 1704 1005 1735 sed
1029 1703 1199 1748 principes

72 1766 105 1798 in
131 1764 253 1803 literis,
292 1772 325 1796 et
355 1763 481 1808 pietate
512 1763 654 1805 insignes
690 1763 780 1795 viros
805 1763 1005 1807 percellunt.
1053 1765 1137 1797 Nam
1162 1775 1199 1798 ut

71 1828 298 1860 Alexandrum
310 1824 669 1871 Hierosolymitanum‚
685 1825 918 1857 Theoctistum
942 1825 1200 1867 Caesariensem,

72 1887 274 1934 Dionysium
290 1886 564 1927 Alexandrinum,
577 1887 813 1920 Firmilianum
834 1887 1094 1928 Caesariensem,
1114 1888 1200 1920 Gre-

72 1949 204 1992 gorium
234 1948 537 1990 'l'liaumaturgum,
579 1958 611 1981 et
635 1949 911 1988 Athenodorum,
945 1948 1095 1994 aliosque
1122 1949 1201 1982 Ori-

73 2011 148 2053 geni
173 2023 315 2043 coaevos
345 2010 629 2055 praetermittam;
662 2020 694 2043 et
725 2020 831 2043 totam
864 2010 1007 2055 denique
1040 2010 1201 2045 Palaesti-

169 2139 200 2183 ¹)
225 2138 310 2171 Edd.
337 2137 464 2172 Huetii2
493 2138 528 2171 in
555 2138 733 2183 Apologia.

166 2195 200 2239 ²)
227 2194 295 2228 Csr.
319 2194 419 2227 Prov.
444 2195 521 2233 XX,
549 2195 599 2228 10.

165 2251 201 2295 ³)
224 2250 328 2282 Deest
355 2249 459 2282 »hoc«
485 2249 518 2282 in
544 2251 621 2284 edd.
649 2250 773 2283 Huetii.
