1403 2492
173 132 218 168 70
507 132 619 166 Pam
645 133 822 166 Dmnzms
847 132 978 165 Hnss‘rn

177 223 408 268 collectasque
433 234 551 255 eorum
577 222 724 256 rationes
752 221 957 262 confutavi13
982 231 1052 254 tum
1079 223 1199 265 dogma
1219 222 1322 268 expli-

180 294 231 317 ent
255 297 372 324 suum,
404 284 700 330 diversitatemque
727 284 912 317 animarum
941 284 1071 317 ratione
1096 285 1323 329 praeditarum

182 359 221 379 ex
252 345 383 379 arbitrii
416 346 574 379 libertate
606 346 775 391 proficisci
809 347 926 386 docet,
963 360 1002 379 ex
1035 359 1099 392 qua
1130 346 1323 380 diversitate

183 408 304 441 eximia
329 408 387 441 illa
412 408 514 441 totius
540 408 659 441 mundi
687 408 906 440 consonantia
924 407 1064 442 diversis
1081 419 1236 442 constans
1250 422 1326 454 par-

182 469 273 502 tibus
306 479 420 503 exorta
448 470 501 504 sit.
565 470 653 504 Hinc
686 469 868 517 injustitiae
900 480 980 502 nota
1012 471 1186 504 absolvere
1210 472 1326 504 Deum

183 541 297 577 putat,
333 532 506 565 inhaesura
531 533 683 577 alioquin
715 531 787 572 illi,
818 531 845 564 si
871 545 938 564 non
963 545 1026 577 pro
1052 532 1181 565 meritis
1206 545 1326 565 unum-

185 607 374 639 quemque,
410 595 469 627 sed
499 607 563 639 pro
597 594 696 626 libitu
728 606 789 626 suo
830 603 990 635 exornet3
1024 607 1110 639 quae
1150 594 1328 627 confirmat

185 655 308 689 deinde
333 656 491 701 exemplo
515 655 636 691 Jacobi
667 664 701 688 et
724 655 996 701 Esau,2aliaque
1029 656 1063 688 in
1095 669 1168 689 eam
1193 665 1329 690 senten-

187 718 268 751 tiam
295 718 436 761 colligit.

278 780 466 813 Adversum
491 779 573 812 haec
597 791 735 824 aspere,
758 792 822 824 pro
849 792 890 812 eo
915 793 952 812 ac
978 779 1108 820 debuit,
1137 792 1208 812 sese
1235 791 1328 811 com-

186 842 296 875 movit
325 841 502 875 Jausenius
527 841 627 875 Tom.
654 842 683 875 1.
710 841 785 875 libr.
810 841 831 883 6
874 855 945 886 cap.
973 842 1043 882 15.,
1081 851 1113 874 et
1136 851 1173 874 ut
1197 841 1328 874 divinae

187 904 311 948 gratiae
335 904 470 949 penitus
495 903 659 936 contraria
685 903 808 936 merito
833 903 959 950 rejecit.
1006 902 1138 948 Reiecit
1163 912 1196 935 et
1219 902 1329 934 multo

187 975 264 999 ante
289 966 324 999 S.
349 966 500 999 Thomas
533 965 609 998 libr.
635 965 666 999 2.
694 974 800 998 contr:
827 966 956 998 Gentil.
988 978 1060 1010 cap.
1085 965 1139 998 44.
1171 963 1331 1008 Pamphi-

188 1029 240 1062 lus
263 1037 376 1061 tamen
400 1028 432 1060 in
461 1027 628 1071 Apologia
652 1040 716 1071 pro
736 1027 897 1069 Origene,
921 1027 955 1060 in
981 1028 1098 1060 eadem
1123 1027 1194 1059 fere
1219 1037 1331 1059 caussa

190 1100 257 1130 est,
282 1103 345 1135 qua
372 1089 548 1131 Origenes,
573 1090 599 1121 si
624 1102 685 1122 nos
712 1089 825 1136 Rufini
850 1089 1149 1134 interpretamenta
1174 1101 1242 1120 non
1269 1087 1330 1119 sal·

189 1152 281 1193 lunt;
308 1164 387 1184 nam
411 1160 450 1183 ut
475 1151 714 1193 Origenianam
742 1151 901 1183 defendat
925 1151 1111 1183 animarum
1140 1148 1328 1195 ῃροΰπαρ-

190 1216 265 1253 ξιν,
289 1213 436 1257 reliquas
461 1213 504 1245 de
527 1212 658 1245 animae
687 1213 815 1254 origine
841 1213 1020 1258 opiniones
1045 1212 1258 1245 absurditatis
1282 1213 1331 1245 in-

188 1275 360 1315 simulans,
388 1284 422 1307 et
447 1287 682 1320 eam-quoque
707 1273 825 1318 carpit,
851 1287 951 1319 quam
975 1287 1063 1308 nunc
1088 1275 1228 1308 ecclesia
1252 1287 1330 1320 pro-

187 1347 332 1382 pugnat,
369 1349 523 1381 quaeque
560 1336 715 1369 formatis
752 1336 785 1368 in
823 1346 921 1368 utero
969 1337 1170 1381 corporibus
1206 1336 1332 1370 animas

189 1411 306 1431 recens
338 1407 463 1431 creatas
494 1398 596 1430 inseri
628 1398 796 1430 deceruit:
833 1397 867 1430 id
901 1398 928 1430 si
961 1398 1022 1439 sit,
1058 1398 1218 1444 injustum
1256 1399 1332 1431 fore

189 1460 324 1500 Deum,
349 1459 395 1492 ait
418 1459 627 1504 Pamphilus,
653 1461 709 1505 qui
734 1459 860 1492 nullius
886 1460 1005 1504 culpae
1030 1460 1179 1493 insontes
1204 1460 1329 1493 animas

191 1523 246 1555 vel
272 1522 394 1562 caecis,
432 1522 486 1554 vel
519 1522 686 1555 debilibus
719 1521 921 1566 corporibus
951 1521 1124 1562 infundat,
1162 1522 1216 1554 vel
1240 1523 1331 1567 apud

191 1585 348 1616 barbaras
365 1583 494 1616 Gentes
518 1583 620 1616 vitam
645 1584 769 1616 ducere
796 1584 918 1628 jubeat.
968 1584 1070 1616 Vides
1096 1585 1332 1618 labefactatum

193 1659 231 1679 ac
255 1655 446 1691 peremtum
471 1646 594 1688 gratiae
609 1646 777 1680 eoelestis
801 1646 974 1678 auxilium.

283 1708 380 1741 Xlll.
420 1709 465 1740 At
488 1721 558 1741 non
582 1721 646 1752 pro
673 1708 713 1740 iis
739 1708 917 1748 duntaxat,
942 1721 1026 1753 quae
1049 1717 1141 1741 recte
1168 1709 1221 1740 vel
1244 1708 1332 1741 male

197 1779 337 1813 egerunt
368 1769 515 1806 animae.
556 1769 751 1814 priusquam
778 1770 981 1815 corporibus
1006 1769 1127 1803 nostris
1151 1769 1332 1802 illaberen-

193 1841 268 1872 tur,
304 1832 434 1865 diversa
469 1844 521 1864 eas
554 1835 579 1864 a¹
602 1832 680 1864 Deo
713 1832 835 1874 gratiae
867 1833 952 1864 dona
986 1831 1145 1876 consequi
1177 1831 1334 1876 opinatus

195 1904 243 1927 est
267 1894 451 1936 Origenes,
481 1894 541 1927 sed
572 1903 675 1938 prout
707 1894 806 1926 etiam
831 1905 901 1925 sese
928 1893 961 1925 in
987 1893 1047 1925 hac
1072 1892 1139 1926 vita
1163 1893 1332 1935 gesserint,

193 1957 290 1989 novis
314 1956 439 1999 gratiae
462 1955 678 1989 incrementis
704 1954 866 1987 cumulari
893 1955 1039 1995 censuit;
1063 1956 1148 1988 adeo
1173 1963 1211 1988 ut
1234 1955 1332 2001 quid—

194 2019 277 2064 quid
301 2018 401 2051 nobis
425 2018 550 2060 gratiae
576 2017 716 2060 largitur
731 2017 836 2056 Deus,
862 2016 896 2048 id
922 2017 1031 2050 libero
1056 2026 1188 2049 nostrae
1213 2018 1332 2050 voluu-

194 2080 269 2113 tatis
294 2079 433 2113 arbitrio
458 2087 633 2122 acceptum
657 2078 873 2111 referendum
905 2078 964 2119 sit,
995 2091 1057 2123 per
1088 2079 1180 2123 quod
1211 2079 1334 2112 talibus

196 2141 295 2174 donis
327 2141 417 2183 digni
448 2140 562 2173 effecti
592 2153 725 2181 sumus;
764 2140 847 2173 nihil
883 2150 996 2173 autem
1028 2141 1093 2174 soli
1118 2150 1151 2173 et
1175 2141 1333 2173 absoluto

195 2202 264 2235 Dei
289 2202 432 2235 consilio
460 2201 686 2246 relinquatur3
724 2212 824 2247 atque
848 2202 894 2235 ita
919 2202 1036 2242 nobis,
1069 2212 1107 2236 ut
1134 2202 1179 2235 ita
1212 2203 1333 2242 dicam,

198 2264 377 2297 obnoxiam
402 2264 468 2296 Dei
492 2263 630 2306 gratiam
657 2264 769 2297 efficit.
825 2267 942 2309 Itaque
973 2264 1071 2297 liberi
1095 2264 1221 2296 arbitrii
1248 2265 1333 2297 vin-s
1372 2266 1379 2273 '

199 2325 290 2371 quasi
326 2325 420 2358 nullo
464 2334 595 2366 egentes
628 2327 750 2366 gratiae
789 2326 996 2359 adminiculo
1036 2325 1080 2358 ita
1119 2326 1333 2371 depraedicat
