1403 2492
351 144 660 178 Omanmmonum
683 140 798 174 Ltmm
821 140 863 174 11.
1098 141 1163 177 113

33 235 239 269 commodat.
290 233 451 278 Quamvis
474 241 585 266 autem
616 243 717 264 unam
747 230 840 263 illam
870 229 1020 276 priorem
1045 230 1161 263 defen-

34 298 139 337 deret,
164 295 440 341 adstipulatorem
463 293 602 326 haberet
625 292 914 338 Chrysostomum,
937 291 984 325 sic
1008 291 1041 324 in
1058 293 1160 326 Rom.

33 359 128 398 VIII,
152 358 205 392 28.
226 358 457 390 disserentem:
481 352 669 400 Πρόθεσιν
692 354 732 389 δὲ
757 351 916 388 ἐνταῦθα’
941 365 1074 400 φησιν,
1098 357 1160 389 ἵνα

33 419 84 465 μὴ
110 418 148 455 τὸ
173 421 250 454 πᾶν
277 420 317 466 τῇ
341 415 460 462 κλήσει
485 417 551 461 δῷ,
578 417 657 451 ἐπεὶ
683 414 794 455 οὕτως
816 417 970 462 ἔμελλον
992 419 1054 451 καὶ
1069 415 1160 451 ‘'Et-

33 483 136 524 ληνες
160 480 377 525 ἀντιλέγειν,
409 480 470 513 καὶ
497 477 678 512 Ἰουδαῖοι.
726 481 773 511 Εἰ
803 476 875 523 γὰρ
901 475 919 520 ἦ
946 480 1069 522 κλῆσις
1093 475 1159 526 ἥρ-

34 556 84 577 κει
101 542 231 586 μόνον,
257 547 353 580 τίνος
369 541 490 576 ἕνεκεν
507 539 548 574 οὗ
562 538 694 578 πάντες
708 537 919 582 ἐσώθησανς
943 537 1015 573 Διά
1040 542 1159 585 τοῦτο,

32 607 158 649 φησὶν,
184 604 249 648 οὐχ
273 601 291 646 ἡ
318 605 440 646 κλῆσις
461 599 592 647 μόνον,
619 599 709 635 ἀλλὰ
740 602 801 635 καὶ
832 598 851 643 ἦ
884 598 1057 645 πρόθεσις
1091 605 1162 637 τῶν

32 668 268 709 καλουμένων
290 664 356 707 τὴν
386 668 566 709 σωτηρίαν
589 662 794 709 εἰργάσατο.
833 662 883 697 Οὐ
901 662 971 708 γὰρ
995 662 1161 709 ἠναγκα-

31 730 144 772 σμένη
167 729 320 772 γέγονεν
343 724 361 768 ἡ
389 727 522 767 κλῆσις,
546 725 630 760 οὐδὲ
654 727 891 770 βεβιασμένη·
915 723 1047 764 πάντες
1070 728 1164 770 γοῦν

31 787 255 832 ἐκλήθησαν,
289 786 362 822 ἀλλ’
396 786 437 821 οὐ
471 785 603 825 πάντες
634 786 860 830 ὑπήκουσαν.
915 786 1162 821 Assentientem

32 862 168 895 quoque
192 850 331 881 haberet
354 849 630 888 Theodoretum,
662 858 696 881 et
723 857 906 894 perpetuos
931 848 1163 895 Chrysostomi

30 912 169 945 asseclas
193 910 502 956 Theophylactum,
535 919 568 942 et
593 909 858 950 oecumenium,
897 919 931 943 et
962 910 1047 943 alios
1078 924 1164 944 non·

29 973 154 1007 nullos.
200 972 345 1005 vocatio
370 980 482 1003 autern
507 972 693 1004 secundum
717 971 930 1017 propositum
955 972 1039 1012 Dei,
1071 974 1163 1018 quod

30 1034 245 1081 propositum
272 1047 310 1066 ex
333 1032 517 1077 perspectis
548 1032 676 1066 animae
707 1032 771 1078 piis
802 1033 976 1067 desideriis
1006 1035 1164 1078 pendeat,

32 1106 193 1142 quatenus
219 1108 294 1127 cum
318 1094 457 1139 reiiquis
483 1094 675 1128 Adamantii
699 1095 863 1136 dogmatis
888 1095 1063 1136 cohaeret,
1094 1109 1162 1129 me·

31 1159 98 1192 rito
124 1171 142 1191 a
165 1157 324 1191 Jansenio
351 1156 562 1200 exploditur3
593 1170 669 1189 nam
701 1156 757 1201 pia
789 1156 953 1190 desideria
984 1158 1024 1190 ab
1055 1158 1168 1203 homi3

31 1233 111 1253 num
143 1217 214 1251 soia
246 1219 419 1250 voluntate
451 1218 595 1250 derivat:
632 1218 753 1262 quibus
784 1219 967 1262 perspectis
992 1218 1166 1252 desideriis

35 1289 207 1326 proponat
241 1279 334 1312 Deus
366 1278 456 1323 ipsos
486 1291 624 1319 vocare,
662 1288 801 1323 tumque
840 1280 987 1324 primum
1027 1280 1165 1322 gratiam

30 1343 72 1375 ad
96 1342 130 1374 id
155 1350 382 1386 opportunam
409 1339 574 1381 largiatur.
627 1340 716 1373 Huic
746 1341 846 1373 affine
876 1341 1036 1387 quiddam
1059 1342 1167 1387 carpit

32 1404 66 1436 in
91 1403 236 1445 Origene
260 1402 436 1435 Jansenius
462 1402 562 1435 Tom.
587 1402 612 1434 I.
639 1401 714 1434 libr.
738 1401 770 1436 8.
805 1415 878 1447 cap.
903 1402 954 1442 4.,
985 1404 1078 1447 quod
1102 1404 1167 1436 sci-

33 1465 113 1498 licet
137 1464 258 1497 dixerit
281 1463 432 1496 salutaris
460 1463 632 1495 doctrinae
658 1472 838 1508 praecepta
864 1464 1034 1497 Christum
1058 1465 1169 1498 homi—

31 1527 128 1560 nibus
152 1525 345 1565 tradidisse,
376 1535 479 1569 prout
502 1526 645 1558 affectos
669 1537 727 1557 eos
753 1538 823 1557 esse
847 1525 961 1565 novit,
994 1527 1165 1572 fidemque

33 1588 97 1622 sibi
123 1587 333 1621 adhibituros
357 1586 552 1631 praesensit.
600 1586 768 1631 Equidem
790 1600 859 1619 non
885 1587 1016 1628 dubito,
1040 1589 1089 1621 uti
1112 1602 1167 1621 su—

32 1663 92 1695 pra
117 1648 195 1689 dixi,
220 1648 394 1693 opinatum
420 1647 521 1680 fuisse
549 1648 750 1690 Origenem,
781 1662 820 1681 ex
852 1649 912 1682 hac
944 1648 1166 1694 praenotione

34 1720 165 1744 motum
196 1711 297 1742 fuisse
323 1710 495 1742 Christum
526 1710 567 1742 ad
601 1710 742 1754 primam
775 1710 842 1743 illis
872 1711 1010 1753 gratiam
1040 1712 1168 1757 imper-

32 1773 197 1806 tiendam:
228 1780 478 1816 proptereaque
509 1771 636 1803 nullam
662 1772 931 1816 semipelagiano
956 1773 1036 1806 huic
1060 1774 1168 1807 errori

34 1834 265 1867 defensionem
290 1833 514 1865 obtendimus.
570 1832 629 1866 Sin
653 1832 699 1865 ita
722 1833 876 1866 sensisset
901 1834 1082 1876 Origenes,
1107 1836 1170 1867 do-

35 1895 137 1928 ctrina
162 1908 218 1927 sua
242 1894 320 1927 illos
352 1892 510 1926 imbuisse
536 1894 725 1934 Christum,
757 1908 841 1939 quos
873 1894 936 1939 ipsi
961 1909 1022 1939 per
1046 1897 1169 1938 gratiae

35 1970 113 1990 suae
138 1969 229 1989 mere
253 1955 413 1997 gratuitae
442 1955 602 1988 auxilium
628 1969 818 1988 assensuros
843 1968 1082 2001 praenoverat;
1115 1959 1168 1992 vel

34 2019 186 2050 futurum
231 2026 263 2048 et
307 2016 493 2060 praevisum
537 2030 735 2049 consensum
781 2018 993 2053 occasionem
1037 2020 1170 2054 Christo

35 2079 278 2123 impertiendae
303 2090 380 2109 suae
406 2078 576 2111 doctrinae
602 2089 635 2111 et
659 2079 781 2121 gratiae
805 2081 1014 2124 praebuisse,
1039 2095 1108 2114 non
1133 2091 1171 2114 ut

36 2141 254 2185 praeberetur
278 2140 500 2183 promeritum
527 2139 643 2182 suisse;
675 2141 739 2174 hoc
766 2151 832 2181 est,
857 2142 994 2183 gratiam
1018 2157 1111 2176 suam
1138 2154 1171 2178 et

38 2202 226 2234 doctrinam
251 2214 318 2233 non
345 2214 382 2232 ex
408 2201 527 2233 suturis
553 2215 670 2235 corum
694 2204 839 2243 meritis,
864 2205 921 2235 sed
946 2203 1006 2236 hac
1032 2218 1171 2238 consen·

37 2277 90 2295 sus
124 2263 236 2295 oblata
268 2263 444 2294 occasione
484 2262 652 2296 Christum
690 2264 792 2297 fuisse
834 2265 1008 2306 largitum,
1045 2267 1170 2309 magnis

37 2324 151 2369 utique
183 2323 332 2369 patronis
363 2337 433 2357 sese
469 2333 636 2366 tueretur;
668 2336 749 2370 puta
780 2326 989 2369 Augustino,
1027 2327 1101 2373 qui,
1134 2338 1171 2361 ut

86 2387 262 2420 ORIGENIS
287 2386 423 2420 OPERA.
473 2387 567 2420 Toni.
594 2387 719 2421 XXIII.
953 2390 977 2423 8
