1403 2492
386 102 700 135 Omessmmonum
726 99 838 132 Lmen
866 99 907 132 11.
1142 99 1200 133 101

62 202 98 225 ut
131 193 171 225 de
205 205 242 225 ea
279 205 313 225 re
348 192 429 224 falsa
461 190 694 234 opinarentur,
731 197 865 232 portam
899 189 1067 232 aperuisse
1097 188 1190 223 dicit.

63 254 145 287 Mox
171 268 188 286 e
215 253 300 286 libro
320 253 358 285 V.
385 249 716 285 Commentariorum
742 249 845 294 ipsius
863 249 895 282 in
916 249 1013 294 epist.
1032 250 1073 282 ad
1094 250 1193 282 Rom.

61 315 243 360 praecipua
270 313 397 355 colligit
423 312 548 357 capita,
574 310 694 355 quibus
711 312 898 344 doctrinam
923 310 993 356 ejus
1008 325 1110 356 super
1128 311 1192 344 hoe

59 386 256 418 argumento
285 374 448 408 contineri
479 382 590 417 putat:
628 386 711 417 quae
744 372 952 414 singulatim,
987 374 1046 405 sed
1077 373 1190 418 paucis

60 438 329 470 examinabimus.
371 436 521 469 Primum
539 434 603 466 hoc
617 443 679 466 est:
708 434 887 473 Mundum,
902 433 934 466 in
952 447 1053 478 quem
1072 447 1190 478 pecca-

58 509 127 532 tum
169 499 304 532 intrasse
343 497 489 540 docet¹)
525 495 711 540 Apostolus
749 509 810 540 per
844 504 1020 539 peccatum
1058 496 1191 536 Adami,

57 571 208 594 terrenos
233 574 302 593 csse
326 558 497 591 homiues:
537 556 568 591 2.
594 557 762 597 Mortem,
795 569 880 601 quae
911 556 945 589 in
973 570 1090 590 omnes
1114 570 1190 601 per-

57 623 199 663 transiit,
231 631 376 654 mortem
411 633 480 652 esse
505 618 652 658 animae,
683 631 751 650 non
776 618 946 662 corporis:
982 618 1012 653 3.
1039 619 1188 651 Mortem

57 685 149 717 illam
180 698 249 724 non
286 681 501 728 pertransisse
540 680 573 712 in
612 693 747 720 omnes,
782 681 841 713 sed
877 680 910 712 in
949 680 1094 720 multos,
1130 681 1188 725 qui

57 759 179 791 nempe
205 754 281 778 actu
306 751 547 789 peccaverunt:
580 741 611 775 4.
636 742 714 774 Non
739 740 774 774 in
797 754 914 774 omnes
930 755 1082 784 regnasse
1099 755 1190 775 mor-

56 817 142 846 tem,
173 807 233 839 sed
257 806 290 838 in
315 818 374 838 eos
396 805 569 842 duntaxat,
603 802 659 847 qui
686 812 910 847 peccaverunt
940 803 974 835 in
998 803 1191 836 similitudi-

57 882 134 902 nem
158 866 453 913 praevaricationis
483 866 594 897 Adae:
631 865 661 899 5.
686 866 763 897 Nou
790 878 905 897 omnes
929 864 1099 906 homines,
1130 866 1190 898 sed

56 930 183 962 multos
207 929 304 961 unius
332 927 459 960 delicto
485 936 679 971 peccatores
704 926 804 959 fuisse
839 927 999 960 effectos:
1036 927 1067 962 6.
1094 927 1191 960 Chri-

58 1001 147 1024 stum
172 991 286 1035 plures
310 991 350 1022 ad
378 990 478 1022 vitam
502 988 689 1028 reduxisse,
721 1001 821 1033 quam
845 989 1012 1022 Adamum
1036 990 1077 1022 ad
1101 1003 1193 1022 mor-

57 1063 144 1085 tem:
168 1052 199 1086 7.
225 1053 396 1085 Adamum
422 1064 490 1084 esse
514 1051 660 1083 sormam
685 1050 800 1090 futuri,
827 1049 904 1094 quia
927 1052 1057 1096 peccati
1082 1050 1187 1095 ipsius

57 1114 227 1158 exemplar
250 1113 436 1151 imitantes,
460 1122 656 1157 peccatores
681 1112 797 1144 effecti
819 1121 905 1144 sunt.
964 1112 1190 1146 Observatum

55 1185 166 1208 autem
200 1175 300 1207 velim
326 1185 401 1207 ante
434 1174 563 1213 omnia,
595 1174 636 1206 ab
662 1173 807 1214 Origene
841 1173 922 1205 haec
947 1174 1193 1218 ἀλληγορσκῶς

59 1237 159 1269 fuisse
178 1237 364 1280 proposita,
388 1249 456 1268 non
475 1237 704 1279 δογματικῶς
727 1234 879 1275 definita;
904 1244 1081 1279 antequam
1100 1236 1189 1267 enim

57 1299 96 1330 :ul
124 1312 161 1330 ea
184 1298 339 1338 accedat,
365 1297 532 1341 explicato
558 1297 674 1329 literae
698 1309 813 1328 sensu:
840 1295 1044 1328 »Videamus
1068 1309 1188 1336 nunc,«

57 1360 165 1404 inquit
190 1373 281 1391 num.
308 1359 356 1398 1.,
390 1358 500 1403 »quid
527 1359 627 1390 etiarn
653 1357 794 1389 interior
817 1357 937 1389 habeat
961 1357 1190 1391 intellectus«

59 1421 164 1464 Quod
197 1433 236 1452 ex
268 1419 372 1464 ipsius
404 1420 639 1465 opinationum
678 1418 899 1451 inconstantia
935 1427 968 1450 et
999 1418 1191 1452 diversitate

57 1483 179 1516 clarius
212 1482 314 1515 etiam
349 1494 420 1514 sese
451 1482 585 1526 prodet.
642 1482 726 1513 Nam
757 1480 906 1524 primum
937 1481 1031 1524 quod
1060 1482 1191 1521 attinet,

57 1555 235 1589 postquam
261 1554 413 1577 terrenos
437 1543 591 1576 homines
611 1552 645 1575 et
666 1544 766 1575 rebus
784 1541 924 1575 terrenis
939 1542 1083 1582 deditos,
1110 1543 1192 1575 alle-

56 1607 169 1649 gorice
198 1606 415 1638 »mundum«
442 1618 511 1638 esse
536 1604 635 1643 dixit,
663 1604 696 1636 in
721 1617 821 1648 quem
845 1614 1022 1648 peccatum
1044 1604 1192 1645 intravit,

63 1669 277 1702 »mundum«
304 1667 427 1700 deinde
451 1667 548 1699 aliter
572 1666 722 1710 exponit,
748 1678 856 1710 eoque
881 1665 1060 1708 significari
1078 1667 1191 1707 docet,

60 1743 148 1762 num.
177 1731 207 1764 1.
235 1730 338 1774 paulo
364 1730 467 1767 infra,
496 1738 691 1760 »terrenum
717 1728 804 1760 hunc
830 1729 956 1769 locum,
982 1727 1014 1760 in
1040 1741 1107 1772 quo
1132 1728 1194 1760 ho-

63 1791 166 1823 mines
197 1791 364 1831 habitant3
399 1790 452 1822 vel
485 1799 651 1821 terrenam
686 1797 718 1820 et
758 1790 971 1833 corporalem
1004 1791 1124 1829 vitam,
1156 1790 1191 1822 in

63 1865 126 1896 qua
156 1865 246 1886 mors
278 1853 377 1884 habet
408 1852 542 1892 locum;
578 1850 632 1882 cui
663 1851 808 1889 mundo,
841 1851 906 1882 hoc
939 1860 1004 1888 est,
1039 1860 1191 1884 terrenae

64 1914 160 1952 vitae,
187 1914 361 1946 crucifixos
386 1926 420 1945 se
438 1912 554 1945 dicunt
571 1912 675 1944 sancti
695 1921 727 1944 et
744 1921 907 1944 mortuos.
919 1926 934 1940 ι(
984 1913 1060 1945 Non
1083 1912 1193 1945 multo

64 1985 175 2006 autem
201 1975 337 2007 inferius
361 1974 426 2007 alia
450 1975 566 2007 habet:
595 1974 756 2006 »Videtur
781 1974 901 2014 mihi‚«
929 1974 1047 2018 inquit,
1075 1975 1194 2019 »quod

64 2037 163 2079 hie'2)
193 2036 376 2080 Apostolus
401 2035 493 2068 illam
518 2045 679 2074 aetatem,
712 2049 797 2080 quae
822 2037 972 2068 nondum
998 2036 1039 2068 ad
1066 2036 1197 2081 capaci-

64 2108 165 2130 tatem
190 2098 330 2130 rationis
353 2098 507 2136 accessit,
531 2110 598 2130 non
622 2108 689 2130 tam
715 2097 886 2136 homines,
912 2110 1010 2142 quam
1035 2099 1199 2131 mundum

181 2175 329 2179 ’““””“““
529 2176 536 2189 1

161 2227 192 2269 ¹)
220 2227 289 2259 Csr.
317 2227 415 2258 Rom.
439 2227 479 2264 V,
507 2226 556 2259 12.

163 2283 197 2323 ²)
223 2282 353 2315 Desunt
379 2281 411 2314 in
437 2281 512 2313 edd.
539 2281 579 2314 H.
607 2283 724 2316 verbm
751 2281 831 2315 »hic
855 2282 1051 2327 Apostolus.
1064 2297 1082 2312 (ι
