1403 2492
347 94 661 126 (massmannum
689 92 799 124 Lim-:n
817 92 859 124 ΙΙ.
1112 92 1173 127 149

33 196 168 229 qnoque
193 193 321 216 sextum
348 183 425 215 libri
450 182 550 227 primi
585 183 626 214 de
658 181 807 225 Princip.
839 181 982 214 eandem
1013 181 1168 223 Origenis

32 245 292 278 fluctuationem
318 254 475 285 testatum
499 257 575 276 nam
599 252 780 288 postquam
805 243 980 288 duplicem
1011 243 1053 276 de.
1079 252 1168 276 statu

30 307 208 339 beatorum
232 306 432 339 sententiam
458 304 630 350 exposuit,
672 317 813 348 quarum
836 303 933 349 prior
955 303 1167 338 interituram

31 382 216 413 corporum
240 378 391 401 naturam
416 365 550 405 definit,
575 375 608 398 et
632 378 649 398 a
674 378 738 410 qua
762 379 832 398 sese
856 365 1004 398 alienum
1028 366 1168 411 profite-

30 440 95 469 tur,
119 430 182 463 alia
206 440 365 462 naturam*
385 440 583 472 corpoream
610 426 643 460 in
668 427 809 460 modum
835 426 978 460 aetheris
1004 440 1166 472 expurga-

31 500 103 523 tum
139 491 180 523 iri
206 490 324 529 tradit,
358 490 494 522 tandem
525 488 572 521 sic
604 488 778 522 concludit
807 502 899 523 num.
925 489 956 524 4.
1007 489 1167 523 »Cei-tius

30 561 141 584 tamen
167 552 311 596 qualiter
333 565 368 584 se
393 551 546 583 habitura
572 549 616 582 sit
639 563 710 590 res,
733 549 796 583 scit
820 551 912 583 solus
936 551 1049 592 Deus,
1081 561 1114 583 et
1137 551 1164 583 si

29 613 85 658 qui
112 613 181 657 ejus
205 626 267 658 per
291 613 477 651 Christum,
511 621 544 644 et
568 611 734 656 Spiritum
758 621 910 645 sanctum
935 612 1034 646 amici
1056 622 1162 645 sunta«

29 675 106 707 Pari
131 687 239 719 prope
264 674 368 706 modo
390 672 576 706 consimilis
591 673 779 715 argumenti
795 674 1060 719 disputationem
1075 674 1162 706 clau-

30 735 80 767 dit
102 736 174 768 libr.
203 736 244 768 ΙΙ.
271 738 354 780 περὶ
375 734 513 780 ἀρχῶν,
541 748 612 779 cap.
637 735 667 768 2.
716 735 860 768 Prodest
884 749 1020 781 quoque
1045 736 1085 768 ad
1111 748 1165 767 ex·

28 797 210 829 cusandum
235 809 312 829 eum
337 797 497 841 Rufini¹)
529 797 726 841 responsio,
766 797 997 842 pertendentis
1033 810 1164 830 errores

27 859 108 891 istos
133 858 220 890 circa
243 857 499 891 resurrectionis
524 858 698 891 materiam
723 857 856 903 scriptis
880 858 986 904 ipsius
1009 859 1052 892 ab
1075 859 1165 891 Hae-

28 919 139 952 reticis
164 919 474 965 fuisseadspersos.
516 921 628 952 Verba
646 919 717 966 ejus
741 929 834 953 sunt:
865 920 947 952 »Vel
972 920 1095 953 iterum
1120 921 1164 953 de

28 981 273 1015 resurrectione
299 981 417 1023 carnis,
443 981 499 1026 qui
523 991 591 1014 tam
617 981 790 1015 evidenter
812 982 1045 1028 pronuntiavit
1068 991 1165 1015 natu-

27 1056 96 1075 ram
122 1043 227 1076 carnis
252 1043 283 1075 iu
310 1040 678 1076 coelum‘adscendisse
706 1057 781 1077 cum
805 1045 921 1077 Verbo
947 1045 1031 1083 Dei,
1063 1053 1163 1088 atque

28 1104 108 1137 inibi
136 1103 339 1136 coelestibus
364 1104 560 1148 apparuisse
596 1105 793 1145 virtutibus,
832 1119 960 1138 novum
995 1115 1028 1138 et
1058 1105 1164 1138 admi·

27 1167 167 1198 randum
193 1165 231 1197 iis
243 1166 276 1209 Ἰ)
308 1165 360 1197 sui
392 1165 500 1198 visum
531 1168 768 1210 praebentem,
803 1167 965 1211 possibile
997 1176 1083 1206 erat,
1126 1176 1163 1199 ut

29 1228 111 1259 hanc
136 1226 257 1259 iterum
282 1239 349 1258 non
375 1239 444 1260 esse
469 1227 661 1260 salvandam
688 1227 858 1261 diceret?«
890 1230 934 1260 At
950 1228 1028 1260 inde
1054 1237 1164 1260 tamen

29 1288 249 1333 praecipuum
281 1287 344 1320 sibi
379 1288 515 1321 arcessit
540 1289 702 1331 Origenes
726 1289 948 1334 praesidium,
989 1290 1080 1334 quod
1105 1303 1164 1322 sua

30 1358 136 1382 aetate
161 1349 313 1381 nondum
339 1349 551 1393 quaestiones
585 1350 664 1383 illae
690 1351 821 1383 fuerant
845 1352 886 1383 ab
912 1351 1052 1383 ecclesia
1077 1350 1164 1397 diju-

30 1411 177 1452 dicatae;
203 1423 269 1454 quo
296 1410 421 1442 factum
450 1420 518 1450 est,
543 1420 596 1451 ut,
623 1412 703 1444 dum
730 1425 807 1444 eum
832 1425 850 1444 a
875 1412 1022 1445 veritatis
1044 1426 1164 1446 norma

30 1473 196 1506 deflexum
221 1484 381 1504 revocare
405 1472 522 1513 satagit
546 1473 760 1513 Methodius,
785 1487 803 1506 a
829 1487 909 1507 vero
934 1473 1006 1518 ipse
1031 1475 1165 1507 deerra-

31 1536 133 1574 verit,
178 1543 210 1566 et
242 1532 298 1565 alii
334 1546 472 1578 quoque
502 1547 572 1567 non
603 1533 674 1567 sine
706 1535 898 1569 offensione
922 1537 955 1569 in
980 1537 1040 1569 hac
1064 1550 1165 1582 quae·

30 1596 137 1629 stione
161 1594 282 1628 versati
304 1594 387 1634 sint,
422 1603 460 1627 ut
485 1595 693 1628 ostendimus
717 1610 834 1642 supra;
868 1607 902 1630 et
936 1597 1164 1645 Hieronymus

32 1658 124 1690 velut
154 1657 300 1690 titubans
330 1655 503 1689 materiam
536 1657 620 1690 hanc
649 1658 840 1692 tractaverit
873 1659 1008 1703 epistol.
1036 1658 1089 1694 61.
1122 1660 1163 1693 ad

30 1718 222 1755 Pammach,
249 1729 319 1761 cap.
346 1716 419 1757 13.,
442 1717 488 1750 ait
512 1718 654 1764 quippe:
698 1721 834 1763 »Ergo,
867 1721 1013 1766 inquieS,
1047 1730 1079 1754 et
1102 1735 1165 1755 nos

32 1788 107 1823 post
130 1778 409 1812 resurrectionem
441 1779 610 1812 comesuri
632 1781 770 1814 sumus?
808 1781 949 1822 Nescio;
983 1795 1051 1814 non
1076 1782 1166 1816 enim

34 1840 196 1884 scriptum
223 1849 284 1872 est:
323 1849 356 1872 et
387 1849 498 1873 tamen
524 1841 550 1873 si
577 1852 771 1886 quaeratur,
807 1856 875 1875 non
901 1852 984 1887 puto
1011 1857 1166 1877 comesu-

34 1913 118 1934 ros.«
169 1901 265 1944 Quae
291 1914 401 1935 caussa
427 1912 494 1942 est,
518 1916 576 1935 cur
599 1916 691 1936 suam
717 1904 758 1936 dc
783 1904 1028 1937 resurrectione
1053 1907 1165 1939 decla-

34 1972 164 1995 raturus
189 1963 387 1994 sententiam
413 1963 586 2006 Origenes,
609 1965 819 1998 retinendam
845 1966 1005 1999 Veterum
1030 1967 1166 2011 opinio-

35 2037 110 2056 nem
137 2022 416 2067 pronuntiaverit,
436 2025 511 2069 quia
536 2026 696 2059 nimirum
720 2027 932 2072 quantumvis
948 2029 1072 2062 absona
1095 2029 1166 2075 eius

37 2086 191 2127 dogmata
216 2097 293 2117 suos
318 2094 428 2118 tamen
452 2096 606 2121 auctores
630 2098 663 2121 et
687 2098 847 2134 patronos
867 2090 1037 2124 habuere„

134 2221 166 2263 ¹)
191 2219 261 2253 Cfr.
289 2220 404 2252 Rufini
430 2221 489 2253 lib.
515 2222 556 2254 de
581 2224 759 2262 adulterat.
785 2225 903 2260 libror.
931 2226 1097 2270 Origenis.

132 2277 166 2319 ²)
192 2276 253 2308 Ed.
281 2275 401 2308 Ruaei:
432 2277 487 2309 »ei
508 2293 522 2306 u
