1403 2492
176 41 199 76 2
511 40 623 74 Pium
655 40 828 73 Daunius
853 41 982 74 Ηυετιι

182 132 270 177 juxta
295 130 399 176 ipsius
424 130 638 163 definitiones
663 140 798 170 natura,
832 131 872 163 ‹le
906 131 974 163 illis
998 143 1086 163 nunc
1112 140 1148 163 ut
1173 143 1320 173 agamus,

181 207 293 227 rerum
320 194 420 226 series
447 192 623 226 desiderat.
672 192 932 226 Observandum
957 205 1037 225 vero
1064 191 1147 225 illud
1174 202 1223 226 est
1245 202 1320 226 ante

184 255 315 295 omnia,
343 256 523 287 obscurum
549 267 586 286 at:
612 255 752 287 difficile
780 254 885 287 visum
909 255 973 287 hoc
991 264 1222 297 argumentum
1241 254 1320 288 Ori·

182 317 275 360 geni,
300 316 418 349 itidem
442 326 479 349 ut
506 317 579 349 aliis
605 316 766 349 ecclesiae
793 317 947 349 Patribus
973 317 1153 362 plerisque,
1176 329 1322 350 summa-

183 392 250 425 que
282 379 315 412 in
349 378 567 412 haesitatione
599 388 630 411 et
670 378 819 420 angustia
859 378 960 411 fuisse
994 388 1170 411 versatum.
1233 377 1321 410 Cum

184 441 273 475 enim
298 441 386 474 libro
412 441 472 474 Ill.
499 441 539 473 de
565 441 676 474 Princ.
704 453 775 484 cap.
801 440 832 474 4.
858 454 948 474 num.
976 441 1005 475 1.
1034 440 1230 485 praecipuas
1254 449 1322 473 tres

182 503 417 549 proposuisset
447 503 489 535 de
522 503 633 536 anima
664 502 864 544 sententias;
901 512 1016 536 utrum
1053 502 1178 547 duplex
1209 501 1252 535 sit
1289 502 1324 535 in

183 565 293 606 nobis,
319 564 466 598 divinior
490 566 593 598 altera
619 575 651 597 et
676 565 717 597 de
744 565 842 597 coelo
862 565 1052 609 depromta,
1075 564 1141 597 alia
1165 563 1325 605 inferior;

184 640 225 659 an
248 639 312 659 una
338 636 467 659 tantum
493 626 650 659 coelestis
676 625 786 672 juncta
812 626 968 671 corpori,
1000 639 1018 658 a
1043 640 1110 672 quo
1142 625 1326 659 inclinetur

186 698 218 723 et
242 689 452 734 deprimatur
482 689 524 721 ad
557 688 654 729 vitia;
688 701 727 720 an
763 702 842 721 vero
876 697 1016 720 constet·
1038 687 1148 721 anima
1172 687 1325 733 partibus

185 752 332 790 duabus,
363 763 505 796 quarum
531 750 594 783 alia
618 750 660 783 sit
683 750 822 783 rationis
847 750 1034 795 particep5‚
1066 749 1196 782 ratione
1221 749 1326 782 altera

186 823 314 855 careat3
339 822 518 857 postquam
543 812 686 854 singulas
704 821 856 845 accurate
875 811 1054 857 opiniones
1073 811 1214 844 excussit
1234 824 1325 845 num.

184 875 213 909 2.
238 874 268 910 3.
294 874 324 908 4.
353 884 385 907 et
409 875 458 915 5.‚
482 874 515 906 in
542 873 668 907 nullam
695 873 858 906 inclinans
884 883 1034 918 partem,
1057 872 1228 919 subjungit
1254 882 1327 905 tan-

185 938 263 970 dem
287 950 377 971 num.
403 937 433 971 5.
483 936 553 977 „Et
584 949 646 970 nos
670 936 809 981 quidem
834 943 938 980 prout
961 934 1152 980 potuimus,
1188 947 1225 966 ex
1259 933 1326 967 sin-

184 1000 341 1042 gulorum
368 998 539 1044 personis,
565 1012 649 1043 quae
676 998 743 1031 dici
770 1007 923 1043 possunt,
949 996 1187 1042 disputationis
1214 1008 1327 1029 caussa

186 1062 226 1094 de
252 1060 390 1103 singulis
422 1061 636 1104 dogmatibus
666 1060 698 1093 in
730 1059 882 1093 medium
908 1058 1127 1104 protulimus.
1175 1057 1246 1102 Qui
1268 1070 1328 1090 au-

184 1133 254 1156 tem
278 1123 370 1167 legit,
397 1123 498 1166 eligat
523 1136 559 1156 ex
583 1123 644 1163 his,
670 1135 754 1168 quae
772 1121 876 1164 magis
891 1120 1128 1166 amplectenda
1147 1120 1190 1153 sit
1205 1119 1329 1152 rati0.“

183 1185 373 1218 Denuntiat
398 1194 573 1231 praeterea
594 1198 664 1217 non
688 1184 813 1223 semel,
839 1184 1106 1226 διαπορητικῶς
1127 1194 1199 1215 sese
1224 1180 1328 1214 disse-

184 1260 270 1287 rere,
293 1260 361 1279 non
387 1248 642 1294 καταφατικῶς
663 1245 770 1292 loqui,
795 1246 822 1278 si
847 1245 983 1291 quando
1008 1244 1096 1278 visus
1122 1252 1172 1277 est
1199 1241 1329 1288 aliquid

186 1310 227 1342 de
254 1322 291 1342 ea
317 1322 352 1342 re
375 1318 539 1348 statuere,
571 1318 692 1353 utpote
718 1308 862 1348 incerta,
900 1308 1055 1340 nondum
1084 1304 1246 1339 ecclesiae
1271 1305 1330 1337 de-

187 1370 285 1404 cretis
311 1370 519 1412 Origeniano
545 1383 643 1410 aevo,
676 1383 738 1402 nec
763 1371 872 1402 multo
903 1367 1150 1402 recentioribus
1175 1366 1330 1407 definita;

186 1433 478 1478 quemadmodum
503 1432 729 1465 declarabitur
760 1431 909 1464 inferius.
967 1431 1004 1463 ld
1029 1429 1207 1462 consu-mat
1228 1428 1329 1461 Pam-

186 1494 299 1540 philus
323 1493 357 1526 in
385 1493 574 1539 Apologia3
610 1494 761 1539 quamvis
793 1493 1038 1540 disputationes
1064 1490 1238 1534 Origenis‚
1274 1490 1328 1523 vel

187 1556 402 1595 assertiones,
429 1569 509 1601 quas
534 1556 576 1588 de
601 1556 730 1589 animae
754 1566 841 1589 statu
867 1565 901 1588 et
925 1554 1176 1600 dispensatione
1200 1565 1330 1599 propo·

186 1617 271 1658 suit,
295 1618 480 1650 nonnullos
506 1618 656 1662 culpasse
682 1619 837 1650 fateatur.

256 1679 298 1712 ll.
334 1679 494 1725 Inprimis
521 1667 650 1720 autem,
685 1680 827 1712 maxima
851 1679 937 1712 illud
962 1675 1253 1711 animadversione
1279 1673 1330 1707 di-

189 1754 289 1784 gnum
322 1750 389 1782 est,
429 1754 466 1774 ex
499 1741 652 1786 superius
684 1751 875 1785 memorato
907 1740 1042 1784 gemino
1071 1739 1138 1771 hoc
1162 1738 1331 1780 dogmate,

189 1803 353 1836 mentium
385 1802 665 1849 προϋπάρξξως,
707 1814 740 1836 et
778 1803 870 1849 pleni
906 1816 944 1835 ac
976 1799 1135 1847 perpetui
1166 1797 1330 1831 libertatis

189 1879 286 1904 usus,
311 1878 446 1910 semper
470 1865 612 1908 vigentis
637 1880 674 1899 ac
699 1865 868 1904 florentis¹
900 1863 1080 1897 maximam
1105 1859 1329 1904 Origeniano-

189 1940 264 1959 rum
291 1940 444 1960 errorum
469 1937 599 1973 partem
625 1928 813 1973 prodiisse3
837 1940 914 1960 nam
942 1923 1102 1970 profluxit
1127 1923 1206 1954 inde
1232 1920 1330 1966 quid-

191 1988 273 2033 quid
299 1991 369 2021 ἴση·
403 1989 491 2022 circa
522 1991 718 2031 angelorum
751 1999 903 2021 naturam
929 1993 1104 2031 peccatum
1129 1983 1170 2016 ab
1196 1995 1237 2015 eo
1263 1991 1325 2015 est:

190 2050 269 2082 inde
298 2050 641 2094 μειενσωμάτωσις,
674 2051 737 2083 alia
770 2050 901 2094 aliaque
934 2058 1078 2091 corpora
1108 2044 1329 2078 subeuntibus

192 2112 327 2152 animis,
353 2125 415 2157 pro
434 2113 525 2145 vario
553 2112 715 2145 libertatis
740 2125 819 2144 usu:
846 2111 923 2143 inde
949 2109 1056 2142 solam
1081 2107 1226 2140 animam
1251 2119 1329 2139 cen-

191 2174 257 2206 suit
288 2174 493 2206 constituere.
523 2173 717 2212 hominem,
754 2182 901 2206 assumto
934 2170 1094 2203 nimirum
1116 2168 1150 2202 in
1181 2181 1329 2214 poenam

193 2248 355 2280 corpore,
384 2246 542 2280 tanquam
569 2237 704 2269 vinculo
731 2245 761 2268 et
789 2235 972 2279 compede:
1003 2232 1092 2265 unde
1120 2240 1152 2263 et
1177 2230 1329 2264 tollenda

1147 2362 1159 2371 A
