1403 2492
401 79 713 113 omer-:munuum
738 79 850 111 Lmen
876 76 918 110 11.
1169 76 1214 111 45

83 180 151 200 non
177 167 334 210 Gregorii
360 170 471 202 solum
496 168 692 202 Nazianzeni
718 180 914 205 consensus,
949 178 1018 197 non
1045 165 1216 198 Ambrosii

83 239 116 262 et
141 229 280 269 Hilarii,
305 230 515 275 aliorumque
539 230 697 269 Patrum,
725 242 871 274 quorum
895 227 1086 260 testimonia
1111 227 1217 259 eolle—

81 300 201 332 gerunt
225 291 302 331 alii,
332 304 398 323 non
425 290 617 323 Arausicani
644 289 807 330 Concilii,
843 302 912 322 non
936 288 1128 323 Tridentini
1153 288 1217 321 Ca-

80 365 205 393 nones;
229 353 286 384 sed
312 352 338 384 is
363 352 475 392 etiam,
500 365 600 396 quem
624 364 729 383 unum
755 363 824 383 esse
848 350 922 382 vult
934 350 1109 383 Jansenius
1134 362 1215 382 con—

82 413 276 446 certationis
309 413 406 459 bujus
444 413 625 454 arbitrum,
663 412 883 455 Augustinus,
919 425 1086 456 quemque
1121 412 1214 444 nulla

82 474 254 518 opinionis
290 474 386 519 liujus
427 474 560 516 vestigia
593 474 768 519 reliquisse
800 472 930 505 disertis
960 473 1070 505 verbis
1101 473 1216 506 asserit

83 535 185 568 Tom.
213 536 270 569 ΠΙ.
296 535 370 569 libr.
395 535 425 570 6.
453 549 524 581 cap.
549 535 583 571 8.
608 545 641 568 et
664 535 695 570 9.
743 537 828 568 Nam
861 534 1129 579 quotiescunque
1160 535 1214 567 vel

82 597 256 639 Pelagium
282 606 472 641 oppugnat,
495 596 551 629 vel
577 610 652 629 cum
677 597 814 630 Juliano
838 596 963 640 pedem
988 597 1131 639 confert,
1158 609 1217 628 ne-

84 670 149 702 que
183 658 224 690 ab
254 657 294 690 iis
325 670 396 690 sese
430 658 471 690 de
497 658 594 691 liberi
619 658 748 691 arbitrii
772 667 889 690 natura
914 657 1090 690 dissentire
1115 657 1218 699 dicim

81 731 190 763 neque
214 718 346 763 prolata
370 718 522 763 ipsorum
546 721 665 760 verba,
695 720 816 765 quibus
839 718 873 751 in
898 718 980 751 boni
1004 719 1127 751 malive
1154 719 1215 751 eli-

80 780 179 822 gendi
203 789 370 825 potestate
394 781 544 825 positum
571 781 658 814 illud
685 794 755 814 esse
778 782 1018 820 demonstrant,
1045 780 1129 813 hane
1147 794 1217 813 car-

79 841 132 886 pit
156 843 201 874 ob
226 854 393 883 caussam,
416 842 497 876 licet
524 844 568 875 ob
591 843 672 876 alias
699 843 918 875 vehementer
942 842 1084 884 exagitet
1108 852 1141 875 et
1163 855 1216 875 re-

80 902 189 936 fellat.
235 903 364 936 Passim
389 917 524 949 quoque
548 904 738 937 necessitati
759 904 949 936 libertatem
968 904 1132 949 opponit:
1155 905 1216 937 sed

82 964 207 1009 absque
231 965 302 997 ulla
320 965 538 1007 circuitione,
563 965 640 1011 quia
663 967 750 998 bene
776 967 830 998 vel
854 967 941 998 male
966 966 1079 999 vivere
1103 976 1217 1011 potest

79 1026 206 1067 homo,
236 1026 365 1060 idcirco
396 1027 447 1059 sui
476 1026 558 1073 juris
584 1040 672 1067 esse,
705 1040 743 1060 ac
767 1027 922 1060 libertate
946 1028 1080 1072 pollere
1103 1028 1218 1061 statuit

78 1087 155 1120 libr.
182 1088 224 1121 II.
250 1097 366 1121 contra
391 1089 552 1122 Faustum
567 1089 715 1122 Manich.
740 1102 812 1133 cap.
830 1090 861 1123 5.
904 1089 968 1123 »Et
991 1103 1052 1122 nos
1077 1090 1216 1134 quidem

80 1150 141 1182 sub
166 1150 236 1182 fato
261 1150 436 1183 stellarum
466 1150 592 1183 nullius
626 1150 772 1183 hominis
803 1150 937 1192 genesin
971 1151 1149 1195 ponimus,
1179 1160 1217 1183 ut

81 1211 229 1243 liberum
254 1211 433 1243 arbitrium
458 1211 657 1251 voluntatis,
686 1225 754 1256 quo
780 1213 833 1244 vel
858 1213 954 1252 bene,
980 1213 1034 1245 vel
1058 1213 1145 1244 male
1171 1212 1219 1244 vi-

81 1272 182 1312 vitur,
206 1281 348 1317 propter
371 1271 495 1318 justum
527 1273 693 1319 judicium
718 1273 785 1306 Dei
817 1274 858 1306 ab
891 1274 983 1306 omni
1013 1273 1218 1307 necessitatis

81 1334 219 1366 vinculo
245 1333 483 1367 vindicemus«
533 1336 605 1367 Nec
628 1335 738 1367 minus
762 1336 804 1367 ad
829 1335 863 1367 id
888 1335 978 1375 facit,
1004 1336 1096 1380 quod
1118 1336 1219 1367 habet

84 1408 158 1440 cap.
181 1395 212 1430 2.
238 1394 315 1427 libri
340 1395 382 1427 de
406 1395 510 1437 gratia
543 1405 577 1429 et
607 1397 716 1429 libero
748 1396 890 1429 arbitrio
922 1397 963 1429 ad
988 1396 1218 1438 Valentinum,

79 1457 140 1490 ubi
163 1465 344 1502 postquam
367 1458 588 1490 adstruendae
610 1458 757 1490 hominis
772 1458 928 1498 libertati,
950 1458 1114 1500 insignem
1131 1459 1219 1491 hunc

81 1518 195 1552 attulit
216 1518 447 1552 Ecclesiastici
471 1519 604 1552 locum:
632 1533 649 1549 υ
663 1520 760 1564 »lpse
777 1520 807 1565 ¹)
832 1521 873 1552 ab
897 1520 995 1553 initio
1012 1520 1095 1553 fecit
1109 1520 1218 1561 illum,

82 1590 116 1614 et
138 1580 276 1626 reliquit
300 1580 398 1614 illum
423 1580 458 1613 in
482 1594 583 1614 manu
609 1581 742 1614 consilii
766 1582 828 1615 sui.
875 1582 914 1615 Si
938 1582 1103 1623 volueris,
1139 1595 1220 1615 con-

80 1643 228 1676 servabis
251 1643 428 1683 mandata,
453 1652 487 1675 et
511 1643 615 1675 fidem
646 1643 770 1676 bonam
794 1643 924 1689 placiti.
970 1645 1134 1688 Apponet
1156 1644 1220 1676 tibi

81 1702 193 1746 ignem
218 1712 252 1736 et
275 1716 414 1749 aquam:
448 1705 491 1737 ad
522 1705 750 1750 quodcunque
775 1705 945 1746 volueris,
980 1706 1123 1739 extende
1149 1719 1219 1738 ma-

82 1778 164 1798 num
187 1774 290 1798 tuam.
339 1766 376 1798 ln
403 1775 587 1810 conspectu
610 1766 756 1799 hominis
780 1767 849 1800 vita
873 1776 907 1799 et
925 1780 1035 1810 mors;
1060 1777 1092 1800 et
1111 1768 1220 1812 quod-

86 1839 215 1871 cunque
239 1827 416 1872 placuerit,
442 1827 577 1860 dabitur
601 1828 708 1861 ei:«‹<
743 1827 904 1861 continuo
929 1828 1010 1861 haec
1034 1829 1219 1862 subnectit:

87 1888 213 1929 »Ecce,
243 1889 452 1934 apertissime
485 1889 638 1922 videmus
671 1902 863 1934 expressum
888 1890 1033 1922 liberum
1055 1889 1220 1923 humanae

84 1949 266 1982 voluntatis
289 1950 495 1985 arbitrium«
545 1952 694 1993 Longam
726 1951 849 1984 deinde
879 1952 920 1984 ad
945 1951 1036 1984 idem
1062 1965 1221 1996 compro-

83 2012 230 2044 bandum
264 2012 435 2056 depromit
467 2026 483 2045 e
516 2026 606 2045 novo
632 2027 670 2045 ac
695 2013 800 2045 veteri
825 2013 1043 2046 Testamento
1069 2014 1221 2046 testimo-

84 2074 220 2106 niorum
244 2073 381 2113 seriem,
412 2074 445 2106 in
479 2074 599 2119 quibus
632 2074 761 2107 homini
795 2075 897 2107 edicit
919 2075 1032 2115 Deus,
1063 2084 1100 2107 ut
1132 2075 1219 2107 nolit

84 2136 125 2168 ad
160 2135 240 2168 vitia
277 2135 446 2178 converti3
480 2145 577 2180 atque
611 2149 646 2169 ea
680 2138 817 2170 demum
851 2136 900 2170 his
933 2136 1043 2169 verbis
1076 2137 1216 2170 claudit:

181 2258 212 2302 ¹)
238 2259 316 2302 Sap.
343 2259 445 2292 Sirac.
470 2258 546 2300 XV,
572 2259 713 2297 14-17.
739 2260 998 2306 (Ecclesiastic.)
