1403 2492
367 78 679 111 Omeexmsomm
706 77 816 110 Linea
842 79 884 112 Η.
1127 77 1190 113 143

60 166 230 206 mitteres;
256 177 286 198 et
314 176 345 198 te
372 167 485 211 potius
511 167 661 209 ignorare
686 166 856 206 stite-reris,
882 179 981 211 qnam
1007 179 1043 198 ea
1068 166 1190 199 scribe—

59 240 122 267 res,
146 241 231 272 quae
256 228 360 272 paulo
385 238 463 273 post
487 238 520 260 tu
546 227 616 272 ipse
642 228 824 260 damnares.
837 241 853 256 «
903 228 971 262 Sed
1008 237 1125 272 purgat
1155 240 1189 260 se

60 289 286 335 Hieronymus
327 289 400 322 libr.
428 290 457 324 1.
498 289 645 332 Apolog.
677 290 752 322 adv.
788 289 897 322 Rufio.
931 303 1003 334 cap⁴
1027 288 1076 329 6.,
1112 289 1189 321 talia

58 363 129 382 sese
155 362 192 382 ex
219 350 372 391 Origenis
395 362 554 394 persona,
590 363 658 382 non
692 351 784 395 quasi
815 363 886 383 rem
917 363 934 383 a
958 363 992 383 se
1020 359 1190 391 assertam,

58 411 117 443 sed
142 411 236 455 quasi
268 410 331 443 sibi
365 411 588 455 objiciendam
619 412 801 456 protulisse
832 412 1050 457 respondens.
1103 411 1188 444 Eam

60 481 93 504 et
124 472 233 505 valide
271 472 304 504 in
335 472 523 514 Origenista
561 475 710 517 quodam
744 486 816 506 sese
854 474 1043 506 confutasse
1079 481 1190 506 narrat

59 533 156 578 epist.
180 533 232 567 27.
258 534 299 566 ad
323 533 483 566 Eustoch.
510 547 580 578 cap.
609 535 671 574 1l.,
696 544 728 567 et
752 534 832 567 alibi
857 547 995 579 quoque
1019 547 1082 579 pro
1107 535 1189 567 salsa

58 607 76 627 a
99 607 133 628 se
157 595 272 627 haberi
296 603 444 628 testatur.
491 595 638 628 Sexuum
671 596 908 628 discretionem
939 605 1019 629 tunc
1042 595 1083 629 iri
1107 596 1188 628 abo-

56 656 155 689 litum
176 668 245 689 nou
269 655 369 700 pauci
399 669 416 688 e
439 656 604 695 ,Patribus
635 657 779 702 antiquis
809 657 1028 691 affirmarunt.
1076 656 1190 689 Theo-

58 719 214 751 doretus:
254 716 390 761 Ταύτης
421 718 492 764 γὰρ
524 723 583 762 τῆς
613 720 820 766 διαιρέσεως
859 717 983 763 ἐνδεὴς
1013 720 1085 752 τῶν
1113 716 1186 752 ὑπὸ

58 783 107 824 τῷ
137 778 286 824 θανάτῳ
315 777 518 814 τελούντων
553 779 572 823 ἡ
610 778 730 826 quom.
787 780 940 813 Deinde:
972 784 1044 818 τοῖς
1080 780 1123 814 δέ
1144 792 1186 825 γε

56 839 254 880 ἀθανάτοις
282 844 540 885 γεγενημένοις
569 841 608 876 τὸ
634 844 729 885 θῆλυ
755 846 859 886 γένος
883 840 1092 877 παντάπασι
1120 843 1186 876 πέ-

56 915 185 948 ostrow.
234 902 463 936 consulantur
485 913 660 947 praeterea
685 902 881 936 Athanasius
913 903 1020 936 Serm.
1045 902 1076 937 3.
1109 915 1188 935 con·

55 973 105 998 tra
131 963 284 1004 Arianos,
306 964 450 997 Basilius
474 965 508 996 in
543 965 666 999 Psalm.
694 964 815 1006 CXV„
846 965 995 998 Hilarius
1027 964 1107 997 Can.
1131 963 1185 998 23.

54 1025 88 1058 in
112 1025 252 1067 Matth.;
282 1027 399 1058 eadem
429 1026 568 1059 illorum
600 1039 670 1059 esse
693 1028 947 1070 propemodum
969 1039 1007 1059 ac
1033 1025 1188 1067 Origenis

53 1100 167 1120 caussa
190 1100 293 1132 super
314 1087 375 1120 hac
399 1088 593 1132 quaestione
619 1088 660 1119 de
691 1089 867 1120 beatorum
900 1100 1085 1132 corporum
1108 1100 1187 1120 sexu

51 1148 248 1193 reperietur.

145 1209 206 1243 IX.
254 1209 290 1243 Si
321 1210 465 1242 animam
495 1210 527 1243 in
566 1210 812 1243 resurrectione
843 1210 936 1243 aliud
973 1219 1185 1255 recepturam

54 1283 195 1316 corpus,
219 1280 252 1304 et
276 1271 374 1304 aliter
405 1273 587 1305 formatum
619 1281 708 1304 ratus
739 1281 788 1304 est
819 1271 1052 1312 Adamantius,
1084 1284 1183 1316 quam

52 1333 145 1376 quod
171 1333 206 1365 in
229 1333 367 1366 mortali
391 1343 574 1376 gestaverat
598 1333 680 1374 vita;
706 1346 927 1377 ecquamnam
942 1333 1080 1377 corpori
1105 1333 1181 1366 huic

51 1393 189 1436 figuram
214 1394 328 1438 potius
353 1394 565 1438 adscripserit
589 1408 686 1438 quam
712 1395 898 1436 globosam,
923 1403 1043 1438 utpote
1070 1408 1182 1427 rerum

51 1455 250 1488 coelestium
283 1456 474 1501 propriam,
516 1466 548 1488 et
579 1457 764 1488 formarum
798 1456 950 1488 omnium
982 1456 1184 1500 perfectissi-

50 1529 156 1557 mam,
190 1530 229 1550 ac
260 1518 378 1550 animis
410 1518 597 1562 expurgatis
630 1527 663 1550 et
694 1517 727 1550 in
759 1517 999 1562 perfectiorem
1022 1517 1183 1562 reparatis

50 1587 171 1611 statum
202 1580 346 1612 maxime
379 1579 583 1621 congruam?
628 1580 715 1613 Sane
748 1579 952 1621 Origenistas
989 1580 1184 1621 monachos,

50 1639 107 1684 qui
129 1641 338 1674 Palaestinae
361 1642 521 1674 asceteria
549 1641 674 1674 Justini
704 1651 738 1674 et
764 1640 946 1674 Justiniani
970 1641 1183 1686 temporibus

48 1701 262 1745 infestabant,
297 1703 415 1735 dixisse
447 1705 551 1735 refert
584 1702 743 1749 Cyriacus
773 1703 863 1747 apud
887 1702 1084 1736 Simeonem
1109 1704 1183 1736 Me—

49 1763 269 1808 taphrastem:
312 1764 444 1808 »Quod
465 1765 494 1810 ¹)
532 1765 686 1797 aetherea
724 1773 757 1796 et
793 1764 964 1808 sphaerica
996 1764 1182 1798 excitantur

50 1834 162 1858 nostra
187 1839 330 1870 corpora
355 1826 386 1858 in
411 1827 674 1859 resurrectione:
705 1825 753 1857 sic
779 1825 919 1857 Domini
945 1838 1081 1869 quoquc
1107 1839 1180 1859 cor-

50 1899 113 1930 pus
138 1886 238 1919 fuisse
263 1888 461 1927 excitatum,
500 1897 532 1920 et
556 1900 617 1920 nos
641 1888 775 1919 futuros
800 1888 831 1918 ei
855 1899 950 1931 pares
975 1887 1009 1919 in
1033 1900 1179 1920 resurre-

51 1947 199 1979 ctione.‹=
251 1948 469 1994 Quapropter
484 1949 689 1982 Justinianus
716 1948 747 1980 in
768 1948 863 1992 epist.
889 1949 929 1980 ad
947 1949 1081 1981 Menam
1100 1962 1175 1993 pro-

48 2008 116 2040 bris
150 2009 330 2051 Origenem
362 2010 511 2050 incessit,
542 2011 634 2054 quod
665 2023 808 2054 corpora
839 2010 1015 2042 hominum
1047 2011 1178 2043 orbicu-

48 2070 114 2102 lata
139 2070 334 2103 suscitatum
358 2071 398 2104 iri
431 2072 656 2105 affirmaverit.
713 2072 800 2104 Hinc
835 2072 879 2104 ita
912 2082 1095 2118 conceptus
1130 2084 1178 2107 est

48 2133 182 2175 quintus
208 2145 244 2164 cx
272 2132 562 2166 Anathematismis
587 2133 695 2166 eidem
729 2134 826 2178 epist.
851 2134 1025 2179 subjectis:
1061 2139 1107 2168 Er
1129 2151 1178 2175 τις

142 2259 171 2300 “)
197 2259 267 2291 Cfr.
293 2260 432 2293 Simeon
456 2262 669 2306 metaphrast.
695 2263 728 2295 in
754 2263 818 2296 vita
845 2263 983 2307 Cyriaci,

203 2313 227 2339 θ
