1403 2492
369 86 682 119 OMGEMANORUM
707 86 818 118 Lmen
840 86 881 118 11.
1121 87 1185 123 147

45 175 79 208 in
103 175 349 208 resurrectione
374 175 541 208 diviniore
577 174 759 218 splendore
790 174 956 216 fulgebit,
992 185 1026 208 et
1050 186 1127 220 apta
1152 178 1181 209 ei

43 236 173 269 mansio
197 237 374 270 beatorum
399 237 564 270 tribuetur
588 236 755 268 locorum.
811 235 900 268 Huic
935 249 1032 278 vero,
1066 237 1123 282 qui
1149 239 1181 271 in

44 298 172 331 malitia
197 298 420 332 consumserit
443 307 576 342 tempus
599 296 662 330 sibi
688 297 774 330 vitae
799 299 982 342 praesentis
1000 299 1182 341 indultum,

30 360 110 392 ,tale
136 360 271 393 dabitur
295 372 428 405 coi-pus,
454 359 546 404 quod
569 359 727 392 sufficere
752 368 786 392 et
808 361 993 404 perdurare
1015 363 1124 406 possit
1147 362 1182 396 in

44 422 203 465 poenis,«
223 430 286 454 etc.
326 422 491 454 lterantur
506 421 625 454 eadem
650 421 726 454 libr.
738 421 770 456 2.
797 425 878 466 περὶ
894 421 1028 466 ἀρχῶν,
1047 437 1122 468 cap.
1136 424 1180 465 3.,

43 491 78 515 et
103 495 175 526 cap.
201 482 252 517 10.
277 496 367 517 num.
394 483 424 517 2.
449 482 498 523 3.,
529 492 562 515 et
592 483 669 517 libr.
693 483 723 518 3.
758 496 830 527 cap.
856 483 887 517 6.
919 497 1012 517 num.
1038 485 1091 527 4„
1122 486 1182 519 ubi

43 544 85 576 ad
110 553 219 576 cetera
244 544 329 576 illud
355 544 487 590 adjicit,
522 554 702 589 postquam
735 546 820 578 adeo
851 558 902 578 res
926 546 1112 588 redierint,
1143 558 1181 581 ut

43 605 157 638 omnia
181 618 285 639 unum
309 605 386 646 sint,
410 606 497 640 sicut
521 606 622 639 Pater
645 616 679 640 et
702 607 810 640 Filius
841 621 948 640 unum
972 617 1070 649 sunt,
1106 618 1180 642 tum

40 667 222 700 desituram
246 667 339 700 illam
363 680 547 712 corporum
573 668 810 702 diversitatem.
857 669 942 703 Cum
967 682 1048 712 ergo
1070 683 1182 704 resur-

41 729 193 761 rectione
217 728 384 772 privatum
410 729 452 762 iri
475 730 601 775 impios
638 730 721 763 dixit
745 730 926 773 Origenes,
960 733 1180 766 resurrectio-

41 802 119 822 nem
143 790 236 823 illam
262 790 422 833 intellige,
447 804 531 835 quae
557 792 764 825 damnationi
798 794 995 837 opponitur.
1045 795 1093 827 lta
1118 796 1178 828 La-

43 851 184 884 ctantius
215 851 291 886 libr.
318 852 346 886 7.
381 852 482 886 divin.
509 852 651 893 institut.
679 868 750 898 cap.
775 853 830 888 21.
882 855 999 887 „Tunc
1032 869 1176 900 quorum

41 913 143 947 fuerit
153 914 295 958 probata
311 914 448 961 justitia,
466 915 488 947 ii
507 916 694 960 praemium
712 915 975 949 immortalitatis
992 917 1178 962 accipient:

40 988 185 1020 quorum
208 985 320 1008 autem
345 986 485 1021 peccata
509 987 542 1009 et
565 979 692 1011 scelera
720 980 851 1011 detecta
880 978 1017 1018 fuerint,
1042 988 1111 1013 non
1127 993 1179 1013 re-

39 1047 190 1079 surgent3
221 1039 278 1071 sed
306 1052 381 1071 cum
407 1039 520 1083 impiis
545 1041 772 1073 recondentur
796 1041 830 1073 in
855 1042 988 1073 easdem
1013 1043 1178 1083 tenebras,

40 1101 82 1132 ad
109 1109 197 1133 certa
220 1100 386 1144 supplicia
411 1101 597 1134 destinati.s‹
648 1103 789 1146 Duplici
823 1102 950 1147 quippe
986 1104 1091 1136 modo
1125 1117 1179 1146 ae—

40 1161 108 1205 cipi
131 1170 243 1206 potest
268 1162 478 1200 resurrectio,
506 1163 559 1194 vel
586 1176 648 1206 pro
674 1164 786 1195 reditu
809 1164 851 1196 ad
878 1164 997 1201 vitam,
1031 1175 1066 1197 et
1089 1179 1177 1198 nova

39 1223 193 1268 corporis
216 1235 254 1255 ac
277 1223 409 1256 animae
433 1223 692 1268 conjunctione,
723 1225 777 1257 vel
808 1238 872 1269 pro
905 1225 994 1258 vitae
1023 1228 1178 1260 aeternae

39 1285 281 1329 acquisitione:
307 1284 421 1329 priore
446 1286 552 1318 modo
578 1298 695 1318 omnes
730 1286 884 1319 homines
920 1299 959 1319 ex
990 1300 1099 1332 aequo
1125 1301 1176 1322 re-

38 1356 192 1390 surgent,
228 1347 419 1391 posteriore
457 1347 535 1392 justi
571 1349 738 1380 duntaxat.
801 1347 1060 1391 Expositionem
1092 1350 1175 1383 hanc

39 1409 218 1442 confirmat
247 1409 333 1441 alter
366 1408 522 1450 Origenis
552 1409 648 1441 locus
680 1422 697 1441 e
732 1409 830 1441 Tom.
861 1409 957 1442 ΧΙΙΙ.
990 1411 1023 1443 in
1054 1412 1175 1447 Matth.

37 1471 165 1504 XVIII.
189 1483 279 1504 num.
299 1470 354 1505 21.
404 1471 493 1515 ΟἱΙ)
519 1469 590 1515 γὰρ
615 1467 714 1509 ὄντες
739 1471 779 1504 ἐν
802 1472 851 1516 τῷ
877 1471 997 1514 σκήνει
1014 1473 1050 1518 ²)
1076 1471 1175 1518 ἅγιοι

40 1533 245 1572 στενάζουσι
275 1530 499 1577 βαρούμενοι
531 1532 605 1567 ἀπὸ
637 1534 701 1566 τοῦ
734 1534 794 1575 τῆς
825 1533 1076 1574 ταπεινώσεως
1100 1534 1174 1570 σώ-

37 1607 161 1639 ματος,
185 1596 246 1628 καὶ
265 1593 386 1629 πάντα
410 1593 647 1638 πράττουσιν,
669 1596 729 1628 ἵνα
755 1591 851 1634 ἄξιοι
875 1599 1050 1641 γένωνται
1066 1596 1175 1643 ἐὑρε-

38 1658 150 1700 θῆναι
173 1657 215 1691 ἐν
237 1658 286 1701 τῷ
311 1658 374 1698 τῆς
397 1655 629 1696 ἀναστάσεως
657 1661 865 1702 μυστηρίῳ·
900 1656 957 1693 ὅτε
990 1671 1176 1705 μετασχη-

37 1718 226 1763 ματίσειβ)
262 1716 280 1752 ὁ
316 1716 420 1761 θεὸς,
454 1717 496 1752 οὐ
528 1717 678 1753 πάντων
706 1718 746 1753 τὸ
777 1722 885 1765 σῶμα
909 1722 970 1763 τῆς
992 1720 1175 1757 ταπεινώ-

35 1791 149 1821 σεως,
176 1778 269 1814 ἀλλὰ
294 1782 367 1815 τῶν
392 1782 538 1826 Χριστῷ
572 1784 744 1825 γνησίως.
759 1783 1093 1826 μιιϋητευομένων,’
1128 1786 1177 1823 εἰς

39 1839 79 1875 τὸ
103 1846 272 1886 γενέσθαι
299 1841 387 1877 αὐτὸ
410 1842 638 1888 σύμμορφον
652 1842 686 1886 ⁴)
713 1845 773 1885 τῆς
790 1841 896 1885 δόξης
921 1846 984 1877 τοῦ
1004 1847 1175 1890 Χριστοῦ.

43 1905 76 1935 ln
102 1903 355 1937 resurrectionis
381 1904 541 1950 mysterio
567 1904 709 1937 inveniri
733 1917 796 1937 nos
821 1904 914 1945 dicit,
939 1905 1075 1950 quando
1100 1918 1176 1939 cor-

40 1978 101 2009 pus
126 1973 280 1998 nostrum
303 1967 446 1998 mortale
470 1966 624 2009 glorioso
651 1966 776 1999 Christi
793 1966 940 2011 ¹corpori
956 1966 1067 2000 simile
1080 1967 1193 2004 Deus.

40 2027 184 2060 efficiet:
211 2028 302 2072 quod
329 2028 532 2061 beneficium
559 2042 628 2061 non
652 2030 694 2067 ad
719 2042 836 2063 omnes
861 2028 1027 2070 homines,
1049 2029 1110 2062 sed
1133 2030 1175 2063 ad

135 2164 167 2206 ¹)
195 2161 263 2195 Csr.
291 2163 342 2196 ed.
367 2172 471 2197 nostr.
494 2164 593 2197 Tom.
620 2165 677 2197 111.
704 2178 779 2210 pag.
805 2164 880 2199 251.

131 2218 166 2263 ²)
192 2219 262 2253 Csr.
289 2219 322 2251 II
349 2218 427 2253 Cor.
452 2219 493 2260 V,
517 2219 548 2254 4.
644 2220 680 2264 3)
706 2220 776 2255 Cfr.
802 2220 951 2265 Philipp.
976 2219 1040 2260 ΠΙ,
1062 2218 1115 2255 21.

89 2323 92 2327 .
131 2274 165 2317 ¹²)
191 2274 260 2308 Cfr.
286 2274 434 2320 Philipp.
464 2276 524 2316 111,
548 2275 600 2311 21.

894 2336 974 2370 10*
