1403 2492
377 99 689 132 Omcmsmoimm
718 98 828 131 Lmen
853 98 896 130 ΙΙ.
1159 97 1204 132 85

61 190 184 223 scimus
211 203 249 222 ex
274 188 484 234 reliquorum
511 188 615 233 ipsius
641 189 856 220 decretorum
882 185 1111 226 connexione,
1135 186 1201 220 Pe-

59 262 148 284 trum
181 251 321 296 proprio
363 250 543 284 voluntatis
582 259 679 282 motu
713 248 851 291 gratiam
882 248 967 282 hanc
1000 248 1199 293 postulasse,

58 326 133 346 cum
166 327 208 346 ne
241 312 378 354 gratiam
422 312 560 356 quidem
590 313 714 356 absque
750 310 904 355 praeviae
943 310 1065 353 gratiae
1103 309 1199 357 adju-

55 385 170 407 mento
204 376 375 418 postulare
414 373 592 419 possimus„
655 373 872 406 Praeclarum
912 373 976 405 hoc
1009 384 1146 417 quoque
1178 385 1196 405 e

55 436 154 469 Tum.
179 435 325 468 XXXII.
351 436 384 468 in
409 437 531 469 Joann.
564 449 654 468 num.
680 435 710 469 6.
747 437 869 481 Χωρὶς
893 436 963 479 γάρ
986 435 1102 478 Ἰησοῦ
1128 434 1193 468 οὐ-

55 500 129 536 δεὶς
153 496 252 542 παρὰ
278 501 366 533 θεοῦ
393 497 554 542 καθαρὸς
577 503 728 542 γίνεται,
755 494 826 531 κᾶν
849 495 921 540 πρὸ
947 495 1057 530 αὐτοῦ
1083 509 1192 541 νομι-

53 561 124 606 σθῇ
159 558 218 593 διά
247 573 340 599 τινος
363 560 568 604 ἐπιμελείας
599 559 710 594 αὑτὸν
743 558 910 605 καθαρὸν
942 560 1190 600 πεποιηκέναι..

52 620 156 663 Quod
188 630 300 654 autem
334 621 456 663 legitur
488 622 563 654 libr.
589 622 649 654 lH.
673 622 757 665 περὶ
783 619 916 665 ἀρχῶν,
942 632 1014 664 cap.
1042 618 1072 653 1.
1096 631 1188 651 num.

49 683 101 716 17.
152 684 255 716 »Non
281 683 503 716 dissimulatio
538 682 670 715 divinae
695 682 948 727 providentiae,
983 681 1043 713 sed
1073 680 1189 713 huma-

47 756 108 776 nae
133 744 253 777 mentis
277 744 453 777 arbitrium
480 757 591 777 caussa
615 744 678 776 sibi
703 743 905 788 perditionis
931 742 1074 776 exsistit:
1107 755 1189 775 con-

44 805 123 838 tulit
162 805 262 838 etiam
294 805 439 848 indignis
477 815 510 838 et
539 805 724 839 incredulis
759 805 896 848 gratiam
929 805 1187 838 benefactorum

41 879 197 906 suorum,
237 877 274 899 ut
299 868 426 912 vere')
461 880 561 900 omne
595 881 632 900 os
666 868 878 909 obstruatur;
914 866 1141 911 totumque²)
1166 878 1184 899 a

41 941 87 968 se,
111 938 145 961 et
168 928 253 961 nihil
278 942 295 961 a
320 930 397 961 Deo
424 930 539 961 deesse
564 928 628 961 sibi
653 941 747 961 mens
775 929 921 962 humana
955 937 1180 972 cognoscat5«

42 989 77 1022 id
100 989 242 1022 Rufinus
271 990 312 1022 de
337 1004 398 1023 suo
423 991 568 1032 intrusit,
594 990 721 1035 quippe
747 992 840 1035 quod
865 991 951 1024 absit
976 1005 994 1024 a
1018 990 1181 1033 vigesimo

40 1051 248 1084 Philocaliae
265 1051 299 1096 ³)
333 1053 459 1098 capite,
492 1065 560 1097 quo
593 1053 816 1094 fragmentum
848 1052 934 1085 illud
961 1052 1074 1097 operis
1097 1053 1182 1096 περὶ

41 1111 175 1158 ἀρχῶν,
202 1113 247 1145 ita
271 1122 309 1146 ut
333 1115 374 1146 ab
393 1114 540 1156 Origene
558 1114 723 1159 scriptum
742 1124 801 1155 est,
826 1114 956 1147 Graece
975 1113 1177 1147 continetur.

127 1175 254 1207 XVHI.
302 1176 458 1208 Diximus
490 1176 673 1218 Origenem
704 1176 872 1221 aliquibus
904 1177 1064 1208 duntaxat
1093 1173 1179 1206 infe·-

38 1246 129 1268 ctum
155 1236 256 1268 fuisse
282 1237 469 1276 erroribus,
505 1250 542 1269 ex
575 1237 633 1276 iis,
664 1238 721 1282 qui
754 1251 771 1269 a
795 1237 933 1280 Pelagio
958 1236 1074 1268 multis
1098 1243 1177 1280 post

35 1297 127 1330 annis
152 1298 358 1342 propugnati
390 1307 475 1331 sunt.
538 1298 617 1341 Quo
644 1299 685 1330 de
710 1311 831 1340 genere
857 1299 978 1340 dogma
1003 1297 1091 1330 illud
1115 1305 1174 1335 est,

35 1360 127 1404 quod
158 1360 329 1404 perfectos
365 1359 518 1392 homines
555 1359 622 1391 vim
660 1361 825 1404 quandam
865 1359 1008 1403 adipisci
1043 1358 1173 1397 definit,

36 1434 100 1465 qua
132 1421 285 1453 roborati
322 1431 541 1465 pcccatorum
580 1420 750 1454 illecebris
782 1435 820 1454 ac
851 1420 1029 1455 lenociniis
1061 1418 1172 1452 obniti

30 1495 93 1527 per
116 1495 187 1514 sese
210 1482 358 1526 possint,
390 1483 593 1527 tandemque
626 1484 668 1515 ad
699 1483 734 1515 id
759 1484 964 1516 adscendant
986 1480 1171 1528 perfectio-

32 1543 82 1576 nis
108 1544 262 1583 culmen,
292 1553 330 1576 ut
361 1557 402 1576 ne
428 1544 496 1576 levi
520 1543 659 1589 quidem
684 1545 909 1578 tentationum
934 1557 1015 1577 aura
1037 1542 1169 1589 percel-

30 1605 149 1645 lantur,
170 1605 338 1650 planeque
363 1605 429 1638 sint
454 1606 620 1644 ἀπαθεῖς.
669 1606 811 1651 Optime
840 1619 921 1639 vero
948 1604 1168 1652 conjunctum

29 1666 115 1699 illud
140 1676 189 1700 est
212 1680 289 1700 cum
312 1667 489 1712 superiore
521 1667 591 1713 ejus
616 1669 788 1702 doctrina:
822 1682 899 1701 nam
934 1667 992 1713 qui
1022 1680 1061 1700 ex
1094 1679 1166 1700 sese

27 1736 141 1772 potest
163 1729 250 1760 bene
275 1741 388 1770 agere,
425 1741 502 1761 sane
535 1743 574 1761 ex
605 1742 676 1762 sese
707 1731 795 1762 male
828 1743 897 1763 non
922 1742 1017 1772 agere
1042 1737 1166 1774 potest.

28 1787 140 1829 Hanc,
176 1798 311 1833 praeter
343 1789 441 1832 alias,
474 1790 673 1832 suggillandi
704 1790 859 1833 Origenis
892 1804 1038 1824 caussam
1063 1790 1165 1822 habet

28 1849 270 1896 Hieronymus:
294 1864 371 1883 nam
396 1851 429 1883 in
456 1865 509 1896 ep.
535 1853 576 1885 ad
603 1852 882 1897 Ctesiphontem,
908 1841 978 1897 cap.
1005 1851 1056 1891 2.,
1081 1863 1162 1883 eon-

26 1910 170 1943 similem
193 1912 337 1954 Pelagii,
369 1914 428 1946 sed
460 1913 661 1958 nequiorem
695 1914 796 1946 etiam
827 1913 1027 1946 sententiam
1056 1912 1159 1945 refel-

26 1972 108 2012 lens,
133 1972 180 2005 sic
204 1973 313 2017 ipsum
339 1974 542 2019 alloquitur:
570 1993 586 2007 υ
596 1975 655 2008 Vis
680 1976 788 2008 adhuc
809 1985 841 2008 et
865 1975 969 2008 alium
986 1987 1085 2008 nosse
1108 1973 1159 2007 tui

119 2124 150 2167 ¹)
175 2123 261 2155 Edd.
287 2124 422 2158 Huetii:
451 2139 600 2162 »verm«

116 2179 150 2223 ²)
175 2178 264 2211 Edd.
289 2178 422 2212 Huetii:
451 2190 655 2227 »totumque
688 2196 706 2215 a
737 2196 790 2223 se,
823 2182 907 2215 nihil
940 2194 958 2214 a
982 2181 1058 2214 Deo
1084 2192 1154 2214 esse

24 2223 85 2256 sibi
111 2236 231 2256 mens«
260 2233 322 2256 cte.

117 2281 150 2324 ³)
177 2280 246 2314 Cfr.
272 2280 439 2315 Philocal.
464 2295 502 2316 ex
528 2283 580 2316 ed.
605 2284 765 2328 Spenccr.
791 2298 862 2330 cap.
887 2283 982 2317 XXI.
