1403 2492
405 69 717 103 Omenumnonum
741 69 854 102 Lmen
872 70 903 102 ll
911 93 918 101 .
1171 69 1215 103 55

86 158 169 192 mini
194 159 300 192 nostri
335 160 416 192 Jesu
447 158 570 193 Christi
601 167 826 191 serveturm«
865 168 899 191 et
930 159 989 191 illo
1027 159 1130 191 Hebr.
1156 159 1214 198 lv,

85 221 137 255 12.
190 236 205 249 »
221 220 345 253 »Vivus
371 230 419 253 est
444 220 532 253 enim
557 232 668 252 sermo
692 219 760 252 Dei
786 229 818 252 et
843 221 979 260 efficax,
1001 229 1035 252 et
1058 228 1212 264 pcnetra-

81 283 187 316 bilior
211 283 304 315 omni
327 282 440 324 gladio
465 281 620 325 ancipiti:
653 290 687 313 et
717 281 908 325 pertingens
931 295 1037 327 usque
1060 282 1103 314 ad
1127 281 1212 313 divi-

81 344 211 377 sionem
236 345 365 377 animae
390 353 422 377 et
444 343 601 388 spiritus,
631 356 832 387 compagum
856 357 992 389 quoque
1018 357 1056 376 ac
1079 343 1211 375 medul-

82 406 200 446 larum,
226 415 259 438 et
283 405 447 439 discretor
463 404 706 447 cogitationum
733 414 767 437 et
779 405 1006 438 intentionum
1031 404 1206 437 cordis.««

81 467 117 499 ln
145 468 266 512 quibus
289 480 356 500 non
381 466 478 500 aliter
493 466 580 499 sumi
599 466 735 510 spiritus
748 476 871 512 potest,
897 479 995 511 quam
1010 480 1072 511 pro
1090 465 1211 506 anima,

81 529 134 562 vel
158 529 287 561 animae
311 527 531 573 ἡγεμονικῷ,
556 541 624 573 quo
649 529 754 561 modo
777 528 940 571 Origenes
963 527 1140 560 intellexit.

167 591 243 623 Vll.
290 590 338 622 Ex
363 590 413 623 his
428 590 583 629 efficitur,
606 590 804 622 inferiorem
816 590 946 623 animae
958 598 1100 634 partem,
1125 601 1209 633 quae

77 651 188 685 anima
209 651 409 697 simpliciter
430 651 636 696 appellatur,
668 653 722 696 (ut
745 652 911 697 superior,
935 651 1107 696 spiritus),
1137 663 1208 683 me—

77 713 167 746 diam
190 725 259 746 esse
284 714 540 758 quodammodo
561 713 716 758 spiritum
734 714 822 747 inter
838 724 871 747 et
892 727 1043 754 carnem3
1067 713 1132 745 hoc
1157 722 1205 745 est

75 774 210 819 spiritus
236 775 323 807 inter
345 775 533 815 suasiones,
570 784 602 807 et
628 775 734 808 carnis
757 775 934 809 incentiva.
986 775 1098 808 »Cum
1123 774 1205 807 dici-

75 846 165 877 tur,«
201 836 310 882 inquit
341 837 505 879 Origenes
530 836 587 869 lib.
615 837 639 871 l.
678 837 711 869 in
737 851 789 881 ep.
819 838 860 869 ad
892 838 994 870 Rom.
1023 850 1116 869 num.
1143 836 1206 875 18,

79 899 215 944 »quia«
247 912 380 931 »ncaro
397 901 427 943 ¹)
454 899 664 943 concupiscit
690 900 847 932 adversus
870 899 1044 943 spiritum,
1069 898 1206 944 spiritus

73 970 184 993 autem
209 951 366 993 adversus
391 973 599 993 carnem:««
632 961 744 993 media
774 961 897 1006 procul
929 961 1034 993 dubio
1067 960 1206 1005 ponitur

72 1022 193 1063 anima,
220 1035 304 1067 quae
329 1023 383 1054 vel
409 1022 583 1055 desideriis
607 1022 745 1067 spiritus
769 1023 969 1067 acquiescat,
994 1023 1047 1055 vel
1071 1023 1112 1055 ad
1134 1035 1204 1055 car-

70 1084 121 1116 nis
145 1083 434 1128 concupiscentias
457 1083 669 1119 inclinetur.«
721 1084 854 1128 Quibus
884 1085 996 1123 addit,
1034 1097 1073 1117 ac
1102 1082 1201 1116 variis

70 1145 266 1190 Scripturae
291 1144 376 1179 locis
401 1146 542 1189 probat,
573 1146 750 1191 utriusque
773 1146 864 1189 viae,
896 1155 968 1178 tum
994 1146 1085 1191 ejus,
1117 1158 1201 1190 quae

70 1207 177 1239 carnis
203 1216 269 1247 est2
297 1216 369 1239 tum
395 1206 482 1251 ejus,
513 1220 598 1251 quae
622 1207 778 1251 spiritus,
809 1218 1050 1240 monstratores
1073 1217 1108 1240 et
1130 1208 1202 1240 fau-

68 1277 159 1302 tores
189 1269 324 1311 angelos
361 1268 520 1301 adsistere
557 1269 768 1309 hominibus,
807 1269 1046 1314 Christumque
1085 1269 1198 1314 ipsum

66 1331 154 1363 viam
178 1330 313 1375 spiritus
342 1330 536 1362 hominibus
569 1332 663 1375 quasi
687 1340 851 1363 sternere:
894 1331 1028 1363 »Favet
1058 1339 1090 1362 et
1126 1329 1200 1374 ipse

64 1391 271 1432 Dominus,«
297 1391 417 1436 inquit,
444 1391 646 1437 >›quippe²)
670 1392 727 1437 qui
751 1392 850 1425 etiam
866 1392 1011 1425 animam
1024 1404 1119 1424 suam
1131 1404 1198 1436 po-

65 1454 116 1487 nit
137 1467 203 1499 pro
228 1454 347 1486 ovibus
372 1453 448 1487 suis.
497 1453 566 1487 Sed
599 1454 682 1497 ex3)
713 1463 854 1499 utraque
878 1463 973 1499 parte
997 1453 1122 1487 favoris
1146 1452 1197 1485 di-

64 1516 207 1561 sciplina
229 1524 389 1548 servatur.
437 1516 516 1548 Non
546 1515 636 1549 enim
661 1516 693 1548 vi
715 1530 768 1548 res
792 1516 917 1558 agitur,
946 1528 1058 1561 neque
1082 1527 1198 1548 neces-

64 1577 160 1610 sitate
183 1577 217 1610 in
252 1577 392 1609 alteram
421 1586 551 1621 partem
583 1577 691 1610 anima
723 1577 930 1611 declinatur:
961 1577 1112 1622 alioquin
1134 1589 1197 1609 nec

64 1639 163 1684 culpa
187 1638 230 1679 ei,
242 1639 274 1683 ἰ)
304 1651 367 1671 nec
398 1639 502 1671 virtus
531 1648 647 1683 posset
669 1639 830 1681 adscribi;
858 1652 923 1672 nec
950 1640 1034 1673 boni
1070 1638 1193 1673 electio

59 1701 258 1746 praemium,
281 1713 345 1733 nec
369 1699 551 1733 declinatio
575 1700 655 1733 mali
679 1702 885 1746 supplicium
908 1711 1113 1743 mereretur;
1135 1702 1196 1734 sed

60 1772 210 1796 servatur
234 1762 263 1795 ei
288 1762 321 1795 in
346 1761 503 1794 omnibus
525 1761 660 1795 libertas
684 1763 829 1805 arbitrii,
854 1764 937 1808 ut⁵)
961 1764 994 1796 in
1019 1764 1195 1808 quodcun-

63 1837 128 1869 que
143 1824 300 1864 voluerit,
324 1824 394 1869 ipsa
406 1823 564 1863 declinet,
587 1823 673 1856 sicut
685 1824 846 1869 scriptum
869 1835 962 1858 estm
991 1825 1193 1870 »»Ecce,⁶)

66 1886 165 1930 posui
188 1896 263 1919 ante
292 1885 413 1920 faciem
446 1894 536 1918 tuam
567 1886 668 1919 vitam
703 1895 736 1919 et
759 1896 922 1927 mortem,
955 1896 989 1918 et
1016 1887 1127 1929 ignem
1157 1896 1191 1919 et

158 2029 189 2074 ¹)
217 2030 285 2064 Cfr.
310 2032 384 2065 Gal.
409 2033 450 2074 V,
477 2033 530 2068 17.
624 2032 659 2077 2)
682 2032 788 2065 Deest
815 2031 982 2078 »quippe«
1008 2032 1042 2065 in
1056 2032 1132 2065 edd.
1145 2032 1188 2066 H.

153 2086 187 2130 ³)
209 2086 315 2120 Deest
342 2101 429 2121 »ex«
457 2089 488 2121 in
515 2089 589 2122 edd.
616 2089 657 2121 H.

154 2141 188 2186 ⁴)
212 2141 297 2175 Edd.
322 2144 454 2177 Huetii:
482 2144 614 2190 »ejusm

156 2199 189 2243 ⁵)
215 2199 278 2231 Ed.
306 2199 428 2231 linaei:
457 2209 519 2232 »ut
542 2200 576 2233 in
601 2201 691 2245 quod
716 2201 873 2234 voluerit.
884 2219 901 2234 «

153 2256 187 2299 ὓ)
213 2255 280 2288 Cfr.
308 2255 387 2300 Sap.
413 2255 516 2291 sirac.
543 2257 616 2296 XV,
642 2256 693 2292 16-
718 2256 769 2293 17.
796 2258 1054 2304 (Ecclesiastic.)
