1403 2492
399 84 711 117 ORIGBMANORUM
740 83 852 115 Lmen
878 82 923 115 Π.
1161 83 1230 119 215

88 173 138 211 εἷς
162 175 360 216 σωτηρίαν,
389 175 458 209 εἴτε
491 171 566 207 ἀπὸ
597 173 661 206 τοῦ
693 169 867 216 μοχθηρὰ
892 169 1002 214 σκεύη
1025 175 1221 216 γεγονέναι

87 235 137 272 ιῗς
160 232 357 273 ἀπώλειαν,
381 234 447 269 οὐκ
471 231 749 279 ἅνακῐιζόμεθα,
776 231 861 267 οὐδὲ
887 233 1092 278 ἐπιδέχεται
1116 231 1227 279 ἡμῶν

87 293 106 337 ἡ
135 294 335 338 κατασκευὴ
358 297 555 338 βελτίωσιν.

173 357 303 390 XXIV.
348 357 408 390 Uti
432 368 610 405 possumus
638 365 812 400 praeterea
845 357 886 389 ad
923 357 1089 389 tuendum
1113 355 1227 402 aliqua

89 430 125 450 ex
148 427 243 463 parte
269 418 450 461 Origo-nem
474 418 671 451 testimonio
693 418 853 464 quodam,
879 431 949 463 quo
969 418 1134 451 damnatis
1152 417 1226 463 qui-

87 480 164 512 dem
189 479 317 512 aditum
341 479 382 512 ad
407 479 601 512 beatitatem
632 481 838 524 patefactum
871 480 1053 525 aliquando
1084 479 1124 512 iri
1159 488 1226 512 sta-

86 541 168 581 tuit,
192 541 330 575 diabolo
361 550 472 574 autem
503 541 637 586 penitus
668 542 898 575 interclusum.
951 542 1106 574 Habetur
1136 540 1225 574 illud

86 602 163 635 libr.
187 603 282 636 VIII.
306 602 340 635 in
365 603 460 647 epist.
485 603 526 636 ad
551 603 653 636 Rom.
676 615 768 637 num.
793 602 825 638 9.
855 602 972 648 ibique
995 602 1146 635 Luciferi
1171 615 1225 636 ca-

85 677 159 697 sum
183 677 202 697 a
225 665 320 708 lapsu
337 663 563 697 Israelitarum
577 664 716 697 differre
730 673 912 698 asseverat:
940 663 1104 696 »Illorum
1122 663 1224 705 enim,

84 725 206 770 inquit,
230 726 284 758 vel
307 725 342 758 in
365 725 432 758 fine
457 725 582 759 saeculi
607 726 784 759 conversio
810 727 884 767 erit,
908 735 989 759 tunc
1014 739 1091 759 cum
1115 725 1226 771 pleni-

84 788 170 819 tudo
193 786 355 820 Gentium
378 787 634 828 subintraverit,
669 797 702 820 et
732 788 843 822 omnis
873 788 976 822 Israel
1006 789 1116 821 salvus
1147 787 1224 819 fiet:

83 847 178 881 istius
200 857 331 889 autem,
365 848 424 894 qui
456 849 499 881 de
534 849 633 881 coelo
659 848 819 882 cecidisse
843 849 983 890 dicitur,
1011 863 1074 883 nec
1098 849 1134 882 in
1157 849 1225 881 fine

84 910 210 942 saeculi
235 910 300 943 erit
320 910 392 943 ulla
416 911 625 945 conversios(
683 911 768 943 Inde
800 919 850 944 est
881 912 974 956 quod
1006 911 1227 944 vehementer

83 980 258 1004 succenset
279 971 315 1004 in
339 971 484 1016 epistola
514 973 556 1005 ad
591 972 719 1005 amicos
752 986 831 1006 suos
853 973 1101 1006 Alexandrinos
1124 971 1226 1018 jacta-

82 1041 156 1065 tum
179 1033 282 1066 fuisse
306 1033 342 1066 in
367 1034 486 1076 vulgus
509 1047 544 1067 se
570 1034 700 1067 dicere:
735 1043 887 1080 »patrem
911 1034 1060 1068 malitiae
1085 1047 1124 1067 ac
1147 1047 1225 1079 per-

85 1093 242 1134 ditionis,
273 1104 306 1127 et
329 1107 467 1136 eorum,
497 1096 555 1140 qui
580 1097 622 1128 de
653 1109 758 1138 regno
782 1096 849 1129 Dei
875 1096 1073 1142 ejiciuntur,
1103 1095 1139 1128 id
1164 1104 1224 1135 est,

85 1156 259 1188 diabolum
284 1169 355 1189 esse
377 1157 595 1190 salvandum:
627 1158 742 1201 quod,
775 1157 905 1202 inquit,
936 1170 979 1190 ne
1003 1157 1126 1202 aliquis
1151 1157 1225 1201 qui-

86 1218 164 1249 dem
189 1227 304 1250 mente
331 1227 446 1250 motus
476 1227 510 1251 et
540 1219 716 1251 manifeste
748 1219 916 1252 insaniens
940 1218 1053 1251 dicere
1076 1227 1222 1263 potest«

84 1279 271 1324 Propterea
294 1279 523 1326 Hieronymus
545 1281 695 1325 Apolog.
722 1281 764 1313 11.
797 1281 832 1314 in
864 1280 977 1314 Rufin.
1010 1292 1082 1324 cap.
1107 1280 1139 1314 5.
1164 1291 1224 1323 pa-

85 1340 152 1373 lam
176 1354 253 1374 eum
277 1340 342 1374 hoc
367 1341 508 1374 crimine
533 1342 694 1382 exsolvit,
730 1343 822 1387 quod
853 1343 935 1375 alias
966 1341 1032 1386 ipsi
1060 1353 1223 1386 persaepe

85 1402 222 1448 objicit:
249 1402 396 1436 »Asserit
420 1401 603 1443 Candidus,
625 1403 747 1448 inquit,
772 1404 947 1437 diabolum
964 1402 1129 1448 pessimae
1153 1414 1224 1435 esse

85 1473 237 1504 naturae,
260 1472 293 1496 et
318 1476 402 1508 quae
426 1464 546 1497 salvari
570 1479 741 1511 nunquam
765 1465 883 1511 possit.
932 1466 1059 1499 Contra
1081 1464 1148 1497 hoc
1169 1476 1224 1496 re-

85 1534 138 1558 ete
163 1525 327 1567 Origenes
350 1526 546 1570 respondit,
577 1540 647 1560 non
678 1540 755 1560 eum
779 1527 950 1573 periturae
975 1539 1046 1560 esse
1070 1527 1223 1559 substan-

83 1585 168 1627 tiae,
198 1588 259 1620 sed
290 1587 465 1620 voluntate
502 1588 643 1633 propria
673 1590 856 1630 corruisse,
896 1598 930 1622 et
960 1601 1059 1634 posse
1092 1588 1222 1621 salvari.

83 1649 161 1682 Hoc
185 1649 357 1682 Candidus
381 1649 482 1682 vertit
505 1650 539 1682 in
572 1651 790 1692 calumniam,
823 1651 918 1697 quasi
944 1650 1108 1693 Origenes
1132 1649 1224 1682 ‹lixe-

83 1710 146 1743 rit:
170 1710 301 1742 diaboli
324 1720 478 1744 naturam
504 1725 573 1745 esse
597 1713 801 1746 salvandam.
839 1713 945 1756 Quod
965 1712 1026 1744 ille
1049 1712 1136 1744 salso
1162 1713 1223 1743 ob-

83 1771 218 1817 jecerat,
242 1772 296 1804 hic
319 1773 475 1807 refutat.«

173 1833 283 1867 XXV.
330 1835 462 1879 Nempe
485 1837 587 1868 rebus
618 1837 659 1868 ab
693 1835 835 1869 ecclesia
863 1836 1015 1868 nondum
1048 1837 1222 1868 boetem-

84 1908 169 1938 pore
193 1895 339 1928 definitis
362 1897 451 1929 varia
476 1897 589 1929 animo
621 1898 756 1939 agitavit
787 1897 968 1939 Origenes,
1000 1898 1093 1942 quod
1124 1907 1157 1930 et
1180 1899 1222 1930 ab

85 1957 159 1989 aliis
181 1958 323 1990 subinde
348 1959 505 1991 Patribus
529 1960 654 1991 sactum
681 1961 906 1992 observamus.
952 1959 1104 1993 Justinus
1130 1960 1222 1992 Mar—

83 2028 143 2062 tyr
166 2019 200 2051 in
224 2019 361 2061 dialogo
387 2033 462 2052 cum
488 2021 672 2067 Tryphone
706 2022 893 2054 decrevisse
927 2022 1061 2054 videtur
1092 2034 1220 2065 poenas

85 2081 320 2112 damnatorum
345 2094 407 2125 per
429 2092 573 2115 mortem
600 2083 785 2115 animarum
812 2096 881 2115 csse
908 2083 1086 2115 finiendas:
1114 2082 1217 2119 Ἀλλὰ

84 2140 159 2184 μὴν
191 2141 276 2176 οῦδὲ
311 2141 561 2186 ἀποθνήσκειν
591 2147 687 2190 (frmi
726 2144 847 2183 πάσας
879 2145 940 2183 τὰς
973 2144 1092 2188 imus-dg
1126 2142 1218 2189 ἐγώ·

85 2206 240 2247 ἔρμαῖον
265 2202 336 2248 γὰρ
363 2199 406 2246 ἦν
431 2205 476 2244 η’),-
503 2205 644 2248 ἄληῖΙῶς
671 2211 743 2245 τοῖς
767 2212 912 2246 κακοῖς·
941 2205 1030 2241 ἀλλὰ
1057 2211 1107 2248 ῑι’;
1147 2205 1219 2244 Τὰς

77 2265 154 2312 ,μὲν
179 2268 251 2300 τῶν
275 2265 434 2308 εὐσεβων
459 2269 500 2301 ἐν
523 2270 703 2313 κρειίιονί
724 2267 904 2315 ποιχώρῳ
929 2271 1066 2315 μένειν,
1093 2268 1155 2307 τὰς
1179 2268 1218 2301 δὲ
