1403 2492
205 88 270 123 174
540 87 650 121 Parni
684 87 855 120 DAmssus
879 87 1013 120 Huz‘rn

210 179 312 220 bere;
335 186 369 211 et
395 185 495 210 »tunc
519 189 589 210 esse
613 177 646 210 in
671 175 903 216 beatitudine,
928 188 1006 209 cum
1030 175 1072 208 de
1094 175 1280 217 sanctitate,
1304 189 1341 209 ac

211 238 388 284 sapientia,
412 247 446 271 et
469 239 511 273 de
533 239 605 284 ipsa
629 238 803 272 divinitate
824 237 1065 283 participantzu
1092 237 1187 283 quod
1201 238 1340 283 quicun-

211 314 277 346 que
301 300 484 344 negligunt,
507 301 666 346 propriae
698 300 845 333 desidiae
879 300 962 333 vitio
997 299 1160 332 felicitate
1191 299 1252 332 hac
1281 312 1339 333 eos

209 363 380 405 excidere,
407 372 441 396 et
463 376 481 396 a
504 363 581 396 Deo
614 376 677 408 pro
708 363 827 408 culpae
862 363 967 395 modo
997 361 1158 395 adhiberi.
1205 361 1277 394 Nec
1300 363 1341 394 ab

208 425 259 458 his
283 425 490 470 discrepant,
528 438 613 470 quae
649 438 687 458 ex
713 425 858 467 Origene
889 424 1022 469 profert
1054 424 1180 457 Catena
1213 423 1342 457 Corde-

209 487 301 520 riana
324 487 358 520 in
382 487 547 529 Psalmos,
572 488 614 520 ad
637 487 726 520 Psal.
751 487 840 526 LXI,
865 486 908 527 3.,
931 486 990 519 ubi
1017 485 1170 520 Christus
1195 497 1265 519 esse
1290 485 1341 518 di-

207 548 294 582 citur
316 549 581 591 tabernaculum,
606 558 639 581 ct
663 561 760 582 mons
782 557 924 591 sanctus,
948 547 983 581 in
1008 546 1076 593 duo
1095 547 1241 594 perfecti
1263 560 1343 580 con-

207 611 403 657 quiescunt;
426 611 551 645 deinde
574 610 726 657 subjicit:
752 610 856 653 Πλὴν
879 613 910 646 εἰ
933 612 995 645 καὶ
1019 608 1112 646 οὕτω
1129 608 1344 653 τελειότητος

208 674 283 719 ἔχει
312 672 333 718 ἡ
371 672 516 717 τοιαύτη
547 672 659 716 σκηνὴ
696 670 743 712 ὠς
765 675 826 707 καὶ
847 671 937 719 ἅγια
961 671 1081 718 ἁγίων
1112 668 1229 715 εἶναι,
1264 670 1338 706 ἀλλ’

209 729 277 771 οὖν
299 736 374 770 ἔστι
396 734 470 780 μετ’
499 734 612 778 αὐτὴν
636 734 851 775 κατάστασις
881 734 1107 781 ὑπερέχουσα
1138 736 1212 768 τῶν
1235 736 1341 778 λογι-

208 799 296 840 κῶν,
321 797 401 831 καθ’
428 794 475 841 ἣν
498 798 642 833 ἔσονται
668 798 708 832 ἐν
731 799 841 843 πατρὶ
865 800 926 832 καὶ
951 799 1036 842 υἱῷ,
1069 799 1214 843 μᾶλλον
1237 796 1276 830 δὲ
1301 796 1341 842 τῇ

208 857 346 903 τριάδι·
372 858 431 894 διὸ
454 863 648 905 παροικεῖν
672 863 720 899 εἰς
743 859 832 898 τοὺς·
849 861 1001 902 αἰῶνας,
1034 858 1107 893 ἀλλ’
1143 857 1185 894 οὗ
1216 870 1341 893 κατοι-
1388 902 1393 907 ⁸

209 925 288 956 κεῖν
311 922 352 957 ἐν
374 923 424 967 τῷ
449 921 657 968 σκηνώματι
682 925 834 966 εἴρηται·
861 921 944 957 §.311
967 920 1082 967 τούτῳ
1104 923 1153 967 τῷ
1175 923 1263 965 οἴκῳ
1278 932 1341 965 γε-

209 982 328 1029 γονώς
357 982 649 1028 σκεπασθήσεται
687 985 726 1018 ἐν
756 987 797 1033 τῇ
835 987 906 1019 τῶν
937 983 1130 1031 πτερύγων
1158 984 1221 1017 τοῦ
1252 982 1342 1016 θεοῦ

209 1049 335 1094 σκέπῃ.
385 1045 462 1078 Hoc
486 1055 553 1079 est:
578 1046 607 1078 E
629 1046 866 1086 tabernaculo,
898 1046 990 1091 quod
1023 1055 1071 1078 est
1095 1045 1269 1083 Christus,
1295 1043 1346 1076 di-

209 1107 310 1150 gressi
334 1107 440 1140 sancti
463 1107 498 1140 in
523 1107 687 1140 Trinitate
712 1109 968 1153 conquiescent,
992 1120 1078 1140 cum·
1094 1119 1196 1149 regno
1222 1104 1346 1139 Christi

210 1169 387 1211 absoluto,
426 1168 528 1202 Pater
556 1169 629 1214 ipse
659 1182 798 1212 regnum
836 1169 1030 1214 susceperit.
1085 1169 1158 1203 Rae
1190 1167 1346 1200 doctrina

210 1232 360 1264 imbutus
390 1231 594 1265 Theodorus
626 1232 764 1265 Ascidas
796 1232 976 1266 Caesareae
1005 1230 1243 1276 Cappadociae
1275 1228 1347 1274 epi—

211 1307 353 1339 scopus,
393 1293 660 1337 Origeni'starum
691 1293 870 1327 Justiniani
908 1302 1016 1327 aetate
1048 1302 1212 1338 patronus
1242 1291 1344 1324 dixit:

211 1359 260 1391 Εἰ
284 1346 354 1391 νῦν
378 1358 413 1391 οἱ
441 1355 639 1392 ἀπόστολοι
665 1359 726 1391 καὶ
752 1358 785 1391 οἱ
809 1354 989 1401 μάρτυρες
1007 1355 1343 1402 θαυματουργοῦσι,

202 1421 274 1453 ’καὶ
298 1419 338 1453 ἐν
361 1420 403 1465 τῇ
426 1417 581 1466 τοσαύτῃ
614 1421 697 1466 τιμῇ
725 1417 972 1463 ὑπάρχουσιν,
1008 1419 1048 1453 ἐν
1079 1420 1119 1465 τῇ
1152 1417 1342 1451 ἀποκατα-

211 1479 335 1515 arcion
359 1483 390 1515 εἰ
412 1478 462 1524 μή
489 1483 558 1514 ἴσοι
593 1483 756 1524 γένοιντο
788 1483 836 1525 τῷ
872 1482 1038 1525 Χριστῷ,
1075 1484 1164 1514 ποία
1198 1479 1344 1513 ἀποκα-

210 1541 380 1581 τάστασις
403 1540 526 1580 αὐτοῖς
550 1542 668 1584 {oum
716 1542 828 1586 Quam
862 1555 982 1575 vocem
1015 1542 1048 1575 in
1075 1542 1187 1588 quinta
1212 1541 1342 1588 synodo

209 1605 399 1637 damnatam
422 1603 525 1636 fuisse
554 1613 694 1638 testatur
717 1605 878 1647 Evagrius
902 1605 979 1639 libr.
1008 1605 1063 1637 lV.
1091 1617 1162 1649 cap.
1187 1603 1241 1638 38.
1282 1603 1346 1636 Vc-

209 1675 386 1698 runtamen
416 1665 451 1697 in
482 1660 692 1710 praefatione
725 1667 953 1701 Commentar.
984 1666 1017 1699 in
1048 1665 1170 1698 Joann.
1203 1677 1220 1697 a
1254 1677 1346 1698 com-

209 1728 306 1760 muni
329 1726 587 1770 Theologorum
612 1729 774 1762 sententia
799 1729 937 1762 minime
960 1728 1089 1762 recedit
1113 1727 1287 1770 Origenes,
1311 1727 1345 1759 in

209 1790 277 1823 Dei
303 1790 494 1832 cognitione
519 1800 552 1824 et
577 1788 865 1841 contemplatione
890 1790 1134 1824 beatitudinem
1154 1789 1257 1828 sitam
1276 1801 1345 1822 esse

212 1853 349 1892 docens,
375 1861 408 1884 ct
431 1851 532 1885 finem
567 1866 636 1886 esse
668 1852 706 1888 τὸ
739 1852 1025 1898 θεωρητικὸν,“)
1058 1855 1106 1890 εἷς
1137 1849 1155 1886 ὃ
1187 1850 1345 1896 καταλή-

211 1927 292 1958 γειν
315 1912 354 1949 τὸ
379 1917 478 1953 τέλος
502 1913 591 1950 ὁδοῦ
618 1917 657 1950 ἐν
681 1917 719 1958 τῆ
743 1918 919 1961 λεγομένῃ
945 1913 1246 1950 ἀποκαττιστὰσει.

301 1976 342 2008 Χ.
390 1976 468 2009 Νοι]
500 1977 613 2009 statim
645 1987 756 2009 autem
797 1977 837 2009 ad
868 1990 1060 2022 supremam
1091 1975 1346 2015 beatitudinem,

211 2038 270 2071 sed
298 2038 509 2082 pedetentim
535 2051 572 2072 ac
603 2052 666 2084 per
699 2040 848 2073 diversos
880 2040 998 2082 gradus
1031 2038 1200 2084 perveniri
1226 2038 1344 2070 voluit.

211 2100 296 2131 Nam
321 2099 448 2146 animas
471 2101 713 2134 beatitudinem
738 2103 959 2147 promeritas,
985 2102 1043 2135 sed
1064 2111 1270 2134 terrenarum
1298 2113 1346 2132 re-

307 2278 336 2319 ¹)
363 2278 432 2311 Csr.
465 2279 516 2311 ((1.
542 2288 644 2311 nostr.
672 2279 770 2310 Toni.
801 2278 822 2309 1.
851 2289 924 2320 pag.
951 2275 1002 2310 31.
