1403 2492
208 95 273 130 192
547 97 659 131 Pei-m
684 97 855 133 Dameus
880 96 1014 132 Ηυῑτυ

206 186 285 219 inde
310 186 436 232 triplici
460 187 501 220 de
527 199 639 220 rerum
667 187 958 221 consummatione
991 197 1024 221 et
1049 199 1178 221 summa
1201 188 1343 222 beatitu-

208 247 285 281 dine
310 248 487 293 proposita
516 250 691 290 sententia,
716 250 757 283 ad
776 250 963 295 quamlibet
977 249 1247 296 persequendam
1269 250 1344 283 uni-

209 309 330 355 cuique
362 310 492 344 arbitrii
524 312 574 344 sui
607 312 800 345 libertatem
831 311 1009 357 permittit.
1060 311 1104 345 Et
1135 321 1344 358 postremum

207 372 343 405 tandem
369 382 469 418 caput
494 372 553 407 lib.
579 374 641 407 III.
668 374 709 406 de
734 373 882 418 Princip.
898 401 906 414 ,
934 374 1027 420 quod
1052 383 1101 408 est
1125 374 1167 407 de
1193 386 1346 408 consum-

208 434 358 468 matione
383 436 512 476 mundi,
537 435 663 469 claudit
688 436 737 469 his
763 437 889 470 verbis:
919 437 1108 470 „Hactenus
1123 436 1222 470 nobis
1246 436 1348 470 etiam

210 510 395 542 corporeae
419 508 557 532 naturae
583 499 636 531 vel
661 498 842 543 spiritualis
869 500 1021 545 corporis
1046 499 1175 533 ratione
1192 499 1348 539 discussa,

208 560 350 593 arbitrio
375 560 514 604 legentis
539 561 760 606 reiinquimus
792 575 830 594 ex
861 559 1131 608 utroque'quod
1155 561 1274 595 melius
1299 561 1351 607 ju·-

209 622 371 655 dicaverit
397 624 620 666 eligendum-u
671 623 821 656 Humilia
846 624 976 657 XXIII.
1001 624 1034 657 in
1060 626 1164 658 Josue
1188 637 1279 657 num.
1305 623 1350 663 4.,

207 695 388 730 postquam
416 688 490 719 ioca
517 684 676 719 coelestia
702 686 751 720 his
776 687 989 720 terrestribus
1015 687 1137 720 similia
1162 686 1349 729 assignavit,

209 748 377 795 ejusmodi
403 750 560 795 mysteria
587 748 804 782 veneratione
842 749 940 792 digna
973 759 1005 782 et
1037 749 1170 783 silentio
1197 762 1267 782 esse
1291 749 1350 781 de-

208 811 322 854 clarat,
347 825 409 844 nec
433 825 451 844 a
475 812 672 845 mortalium
699 824 894 857 quoquam,
919 825 959 844 ne
984 812 1064 856 ipsis
1092 812 1229 857 quidem
1255 814 1350 857 Apo-

208 874 304 907 stolis
329 875 479 919 perfecte
504 874 651 919 proferri
682 887 791 919 posse.
822 881 825 883 '
850 874 1085 918 Quamobrem
1125 884 1157 907 et
1190 874 1264 908 libr.
1289 874 1347 907 lv.
1380 917 1386 922 .

207 939 292 982 περὶ
310 937 444 982 ἀρχῶν,
469 950 560 970 num.
585 936 652 977 23,
676 950 815 979 regnum
835 936 1012 969 coelorum
1028 937 1184 971 thesauro
1210 937 1244 970 in
1269 948 1347 980 agro

209 999 409 1032 abscondito
437 1008 668 1044 comparatum
695 998 796 1031 fuisse
820 1008 927 1043 putat.

300 1063 540 1103 Veruntamen,
566 1061 716 1106 quamvis
742 1061 874 1105 liquido
908 1070 939 1093 et
965 1061 1035 1094 sine
1058 1062 1196 1104 ambage
1221 1073 1349 1095 asseve-

208 1132 328 1165 rasset,
363 1136 447 1169 quae
480 1123 625 1156 incertus
659 1123 857 1169 proposuit,
889 1132 1079 1156 sanctorum
1105 1124 1236 1169 aliquot
1261 1124 1350 1157 viro-

206 1200 283 1219 rum
308 1186 474 1228 suffragiis
500 1196 533 1219 et
559 1199 725 1219 consensu
752 1185 975 1230 adjuvaretur.
1025 1185 1182 1220 Clemens
1208 1186 1349 1219 Alexan-

207 1250 322 1282 drinus
348 1249 405 1281 lib.
433 1248 472 1281 ΙῘ.
498 1249 624 1282 Strom.
650 1249 683 1281 id
711 1248 862 1281 Platonis
885 1249 1037 1288 axioma,
1069 1262 1137 1294 quo
1167 1259 1240 1282 tum
1271 1250 1348 1282 bea-

210 1322 282 1358 tum
308 1312 480 1344 hominem
508 1310 577 1343 esse
604 1311 732 1350 definit,
760 1325 835 1344 rnna
861 1312 938 1344 Deo
964 1311 1083 1343 simiiis
1108 1322 1168 1354 est,
1195 1311 1348 1356 Scriptu-

209 1387 264 1407 rae
291 1387 401 1406 sarrae
430 1373 628 1406 auctoritate
657 1374 818 1407 defendit.
867 1374 919 1406 De
943 1375 1048 1406 modo
1073 1387 1111 1407 ac
1138 1375 1215 1406 loco
1241 1374 1350 1407 felici-

209 1437 286 1469 tatis
311 1446 523 1475 sauctorum,
554 1448 570 1467 a
602 1435 722 1480 primis
753 1449 858 1480 nsque
884 1436 1045 1469 ecclesiae
1070 1436 1282 1481 temporibus
1306 1436 1349 1468 ad

208 1498 448 1531 Innocentium
475 1497 534 1530 ΙΙΙ.
561 1506 592 1529 et
625 1497 848 1529 Bene-dictum
874 1498 933 1530 ΧΙ.
967 1511 1004 1531 ac
1038 1498 1272 1531 Ftoreminan»
1296 1511 1348 1544 sy-

210 1562 352 1599 nodum,
377 1559 461 1593 nihil
488 1561 569 1591 certi
595 1559 656 1591 fuit
682 1560 721 1591 ab
748 1559 887 1592 ecclesia
913 1560 1177 1604 praescriptum,
1202 1561 1287 1592 adeo
1311 1569 1347 1592 ut

209 1624 244 1656 in
270 1623 400 1656 diversa
425 1622 541 1655 Patres
565 1622 720 1654 abierint.
769 1622 900 1654 Eorum
928 1623 1106 1655 sententias
1139 1631 1171 1654 et
1197 1622 1349 1655 testimo-

211 1687 265 1719 nia
291 1685 427 1727 coliegit
453 1685 564 1718 Sixtus
590 1684 746 1719 Senensis
778 1684 852 1718 libr.
878 1684 935 1717 VI.
966 1683 1055 1717 Bibl.
1086 1694 1233 1718 annotat.
1259 1684 1348 1726 345.‚

209 1758 247 1781 ut
282 1748 317 1781 in
350 1748 471 1781 iisdem
504 1747 567 1779 huc
598 1745 803 1792 reponendis
844 1758 1091 1791 supervacanea
1131 1747 1240 1780 omnis
1279 1759 1350 1780 esse

213 1824 316 1856 opera
341 1810 505 1843 videatur.
553 1810 691 1851 Praeter
716 1800 796 1849 eos‚‘
825 1809 882 1854 qui
913 1810 953 1841 ab
985 1808 1059 1853 ipso
1093 1810 1351 1842 commemorati

212 1885 297 1914 sunt,
323 1874 408 1907 adiri
432 1873 535 1906 velim
562 1871 720 1918 Cypriani
745 1871 922 1916 epistolam
948 1870 1001 1904 52.
1034 1871 1075 1903 ad
1107 1871 1348 1910 Antonianum,

212 1936 439 1970 Novatianum
465 1935 541 1968 libr.
567 1935 607 1967 de
633 1934 755 1967 Trinit.
783 1946 853 1977 rap.
878 1933 920 1972 1.,
947 1932 1164 1966 Athanasium
1188 1933 1221 1966 in
1246 1946 1349 1978 expo-

213 1999 336 2032 sitione
362 1998 460 2037 fidei,
493 1997 689 2030 Paradisum
716 1996 838 2028 latroni
870 2008 887 2027 a
913 1995 1047 2028 Christo
1080 1996 1113 2028 in
1146 2008 1243 2028 cruce
1269 2008 1347 2040 pro-

215 2062 354 2094 missum
380 2073 458 2093 eum
491 2072 560 2092 csse
594 2067 800 2097 censentem,
832 2058 921 2090 unde
953 2058 1102 2090 Adamus
1133 2057 1257 2104 ejectus
1289 2066 1348 2098 est,

216 2137 291 2155 cum
318 2122 453 2167 Cyritlo
481 2120 791 2166 hierosolymitano
819 2120 844 2152 l.
871 2119 1006 2153 catech.
1031 2111 1186 2166 mjssstagq
1221 2118 1346 2152 Basilio

212 2186 246 2218 in
275 2185 362 2217 libro
389 2186 429 2217 de
455 2183 625 2224 paradiso,
652 2193 683 2214 et
710 2195 780 2227 cap.
806 2181 860 2218 ⁸27.
891 2182 969 2214 libri
1000 2183 1041 2215 de
1067 2181 1197 2226 Spiritu
1221 2189 1346 2218 sancto,

213 2247 382 2289 Gregorio
409 2247 557 2291 Nysseno
583 2245 615 2277 in
642 2254 723 2276 orat.
758 2244 790 2276 in
821 2243 894 2275 XL.
928 2252 1105 2289 martyres,
1143 2252 1176 2275 et
1203 2242 1346 2275 Paulino

212 2309 356 2347 Nolano,
381 2308 471 2340 idem
497 2306 717 2339 sentientibus
750 2319 786 2338 ae
811 2295 911 2338 s'ensit
938 2304 1146 2338 Athanasius.
1198 2304 1348 2337 Adeatur
