1403 2492
192 106 257 140 110
526 101 640 135 Pam
663 101 836 136 Dmmms
864 103 996 138 Hussrn

187 204 294 228 ratum
321 192 499 231 versiculo,
525 205 624 237 quam
650 193 751 235 vulgo
777 192 885 237 accipi
909 194 1014 227 solet:
1051 194 1130 240 quia
1151 196 1181 228 si
1204 196 1226 229 ii
1254 206 1326 230 tan-

186 269 257 292 tum
282 264 560 301 praenoscuntur,
585 255 643 300 qui
668 254 979 299 praedestinantur;
1013 255 1070 301 qui
1093 269 1164 290 non
1187 260 1329 302 praede-

185 320 365 358 stinamur,
405 317 521 362 utiquc
554 329 623 349 non
653 327 943 361 praenoscuntur:
983 318 1215 360 cognitionem
1247 332 1327 363 ergo

185 382 278 414 iliam
303 392 367 424 pro
399 379 522 412 amoris
557 392 664 417 nexu,
702 388 735 410 et
773 378 916 412 affectus
948 380 1085 413 vinculo
1125 383 1325 415 sumendam

183 444 308 488 probat
329 441 449 474 multis
474 441 668 486 Scripturac
700 440 921 480 testimoniis,
962 451 1044 486 puta
1074 442 1158 477 isto:
1177 462 1179 467 ·
1196 443 1327 486 „1„C0..

184 504 345 549 gnovit¹)
368 502 539 536 Dominus
566 516 641 542 eos,
668 502 725 546 qui
751 512 828 535 sunt
853 502 1004 548 ejus:““
1037 504 1071 538 id
1105 514 1174 546 est,
1207 505 1327 549 diligit,

185 580 261 600 cum
286 576 398 599 tamen
423 578 484 597 nec
510 577 579 604 eos,
606 564 663 609 qui
687 576 755 596 non
780 574 857 597 sunt
883 565 970 610 ejus,
1003 566 1153 609 ignoret:
1186 580 1328 612 praeco-

183 629 297 671 gnosci
323 640 401 670 ergo
427 640 485 659 eos
510 640 527 660 a
552 627 630 659 Deo
655 626 737 666 vult,
765 626 826 658 »in
853 627 986 672 quibus,
1011 629 1120 662 sciens
1137 630 1253 674 quales
1275 643 1327 662 es-

181 700 264 730 sent,
290 702 440 722 amorem
460 701 557 721 suum
582 684 676 721 Deus
700 689 931 734 affectumque
956 691 1161 735 posuisset‚«
1199 691 1327 735 *Quae-

181 754 225 786 rit
249 752 483 798 postmodum,
507 763 575 795 quo
601 763 699 783 sensu
722 751 1017 796 interpretandum
1051 753 1094 785 sit
1118 753 1205 787 illud
1230 756 1326 799 Apo-

182 816 279 848 stoli:
304 813 462 856 ‚,‚,Quos
474 814 508 858 2)
536 813 678 854 vocavit,
703 813 764 846 hos
782 823 815 846 et
832 813 1107 859 justificavit:““
1133 829 1210 849 cum
1225 816 1325 849 multi

181 877 292 910 vocati
317 877 395 917 sint,
419 874 518 920 pauci
544 875 654 909 electi.
702 872 923 920 Respondet,
961 877 1087 922 duplex
1122 891 1192 911 csse
1225 891 1325 911 voca-

180 940 283 973 tionis
308 952 429 981 genus;
458 937 550 970 aliud
583 937 769 970 secundum
802 937 1040 983 propositum,
1071 952 1141 972 non
1172 941 1324 974 vocantis

179 1002 256 1041 Dei,
281 1001 338 1034 scd
365 1000 475 1032 vocati
499 999 664 1040 hominis,
697 1012 765 1044 quo
792 1000 954 1033 virtutem
986 1001 1221 1046 amplectitur;
1253 1002 1326 1048 qni-

180 1076 310 1108 cunque
337 1071 448 1095 autem
473 1060 653 1094 vocatione
679 1060 846 1105 ejusmodi
870 1063 979 1095 vocati
1004 1063 1089 1103 sint,
1120 1064 1182 1097 hos
1215 1074 1247 1097 et
1271 1064 1323 1110 ju-

179 1126 338 1158 stificatos
364 1137 450 1156 esse:
477 1122 568 1156 aliud
594 1136 663 1155 esse
690 1124 877 1157 vocationis
902 1137 1016 1166 genus,
1040 1138 1110 1158 non
1135 1127 1322 1159 secundum

179 1190 306 1220 honum
333 1185 559 1231 propositum,
585 1198 653 1229 quo
679 1195 844 1218 vocantur
867 1186 967 1219 etiarn
992 1188 1152 1232 reprobi,
1184 1201 1226 1220 ne
1251 1201 1321 1221 me-

177 1251 250 1283 ritis
275 1248 443 1282 afficiendi
480 1247 599 1292 poenis
631 1247 696 1280 hoe
727 1257 866 1281 utantur-
899 1249 1061 1289 obtentu,
1096 1249 1227 1282 idcirco
1251 1263 1323 1283 sese

179 1313 279 1345 fuisse
305 1325 322 1344 a
356 1311 478 1343 virtute
511 1298 658 1349 alienos,
695 1310 773 1354 quia
810 1311 958 1344 defuerit
991 1311 1055 1344 sibi
1088 1312 1234 1346 vocatio.
1282 1312 1320 1345 Si

178 1375 252 1419 quis
273 1383 388 1406 autern
413 1372 630 1416 propositum
655 1372 761 1411 illud,
786 1373 972 1405 secundum
999 1373 1093 1418 quod
1118 1374 1230 1406 vocari
1256 1386 1320 1406 nos

177 1450 193 1469 a
218 1437 296 1468 Deo
323 1434 407 1466 dixit
434 1434 638 1478 ApostoluS,
670 1434 711 1465 ad
735 1434 848 1466 Deum
875 1434 995 1467 referri
1031 1435 1130 1474 velit,
1166 1436 1319 1468 futurum

176 1499 262 1531 illud
288 1508 426 1543 quoque
458 1495 626 1540 posterius
657 1505 752 1528 recto
787 1497 951 1530 humanae
984 1496 1165 1529 voluntatis
1190 1510 1321 1542 propo-

175 1561 253 1600 sito,
279 1573 316 1592 ac
340 1558 494 1600 religiosa
520 1566 655 1598 mente,
682 1567 715 1590 et
738 1558 853 1591 salutis
878 1559 1060 1592 desiderio.
1107 1559 1259 1592 Demum
1283 1559 1321 1591 id-

174 1621 360 1655 subnectit:
403 1620 507 1652 »Hoc
544 1629 756 1667 ergotpacto
788 1633 900 1666 neque
931 1621 965 1653 in
996 1621 1216 1666 praescientia
1239 1621 1317 1662 Dei,

174 1685 228 1717 vel
254 1682 381 1722 salutis,
406 1681 459 1714 vel
483 1681 685 1727 perditionis
709 1691 843 1715 nostrae
869 1695 981 1716 caussa
1007 1682 1176 1722 consistit,
1206 1694 1319 1727 neque

175 1745 367 1793 justificatio
401 1757 439 1777 ex
473 1745 546 1776 sola
578 1743 753 1776 voluntate
794 1744 974 1794 pendebit,
998 1757 1108 1790 neque
1133 1744 1316 1787 glorificari

175 1810 216 1842 de
241 1817 355 1841 nostra
380 1806 514 1851 penitus
539 1806 715 1840 voluntate
734 1805 905 1838 sublatum
937 1815 1031 1839 est:«
1064 1816 1097 1839 et
1128 1807 1233 1851 paulo
1267 1807 1318 1840 in—

174 1871 296 1904 ferius:
332 1869 451 1913 »Ut-³)
476 1877 588 1901 autem
613 1867 714 1908 scias,
745 1867 821 1912 quia
848 1881 916 1900 non
942 1869 975 1900 in
1000 1867 1222 1912 praescientia
1246 1868 1316 1901 Dei

173 1932 356 1977 unicuique
381 1930 496 1963 salutis
522 1943 619 1963 causa
642 1930 802 1974 ponitur,
826 1930 884 1961 sed
910 1929 942 1961 in
968 1930 1149 1974 proposito
1175 1939 1208 1963 et
1232 1930 1314 1963 acti-

172 1996 234 2028 bus
258 1995 343 2036 suis,
379 1993 455 2026 vide
479 1993 624 2026 Paulum
651 2000 840 2031 verentem,
874 2004 914 2024 ne
928 1991 961 2036 4)
986 1992 1094 2032 forte,
1136 2005 1212 2025 cum
1237 1992 1312 2025 aliis

265 2145 297 2189 1)
325 2146 355 2176 11
383 2145 471 2177 Tim.
500 2144 541 2182 11,
570 2142 618 2176 19.
717 2142 751 2185 ²)
778 2143 876 2175 Rom.
903 2143 996 2181 Vll).
1021 2142 1076 2177 30.

267 2200 298 2243 3)
323 2200 410 2232 Edd.
436 2198 568 2232 Huetii:
599 2198 670 2230 »Ut
696 2208 807 2230 autem
836 2199 938 2238 scias,
965 2212 1033 2231 non
1059 2198 1092 2230 in
1118 2198 1306 2243 praesu-ien-

171 2246 215 2278 tia
240 2245 306 2278 Dei
330 2245 514 2289 unicuique
539 2243 652 2276 salutis
678 2256 808 2276 causam
835 2244 927 2288 poni,
952 2245 1034 2277 sed«
1065 2254 1126 2275 etc.

266 2301 299 2345 ⁴)
326 2302 393 2335 cfr.
422 2302 433 2333 1
461 2300 541 2333 cm».
571 2300 627 2335 ix,
654 2299 706 2333 27.
