1403 2492
401 86 714 120 Omessmmonum
738 85 850 119 ann
878 86 921 118 11.
1158 86 1226 122 223

93 176 216 215 altera,
246 188 331 220 quae
355 176 388 208 in
414 176 550 221 copiosa
574 174 856 217 Origeninnorum
885 176 1039 207 locorum
1071 178 1227 217 congerie

94 238 206 282 posita
231 246 290 277 est,
316 237 438 282 quibus
461 246 616 270 aeternae
648 237 788 269 diabolo
821 247 854 269 et
889 236 1052 269 damnatis
1085 249 1225 280 poenae,

95 299 223 332 aeterni
247 299 338 341 ignes
370 298 616 332 adscribuntur.
663 299 749 331 Nam
780 299 873 342 quod
904 298 1031 331 dixerat
1063 298 1226 340 Origenes

95 358 256 402 αἰώνιον,
281 359 481 405 interpretes
497 360 612 392 Latine
640 369 850 392 »aeternum«
870 360 1100 393 reddiderunt.
1137 360 1227 393 Tota

96 435 175 464 ergo
199 421 500 464 argumentationis
525 421 573 454 vis
597 422 631 454 in
657 421 747 455 vocis
772 421 875 462 illius,
901 420 1062 461 αἰώνιον,
1087 423 1226 467 propria

93 483 337 525 significatione
362 483 472 528 posita
497 492 557 516 est.

138 545 266 578 XXVI.
297 543 402 580 Λίών
421 558 492 577 non
519 543 668 589 simplici
690 545 831 577 notione
855 545 994 587 gaudet3
1022 558 1099 578 nam
1120 546 1226 578 modo

94 606 228 639 finitum
250 615 403 651 tempus,
425 608 531 639 modo
554 606 778 646 indefinitum,
801 607 906 639 modo
930 607 1098 639 infinitum
1121 617 1228 641 sonat.

95 667 426 714 Hesychius:Atu)v,
453 667 563 712 ὁβίος
573 669 646 702 τῶν
665 666 892 714 ἁνῧρώπων“
919 666 936 703 ὁ
958 670 1016 713 τῆς
1033 672 1123 712 ζωῆς
1140 668 1229 714 χρό-

96 739 176 770 νος·
198 731 285 765 ποτὲ
299 730 339 765 δὲ
353 731 414 764 καὶ
433 730 493 764 ἐπὶ
505 733 650 776 μακροῦ
659 730 799 775 χρόνου
818 734 964 766 νοεῖται.
994 731 1113 764 Plures
1128 731 1228 763 etiam

95 792 244 825 Joannes
267 791 497 824 Damascenus
514 792 590 824 libr.
606 792 648 825 ΙΙ.
673 793 716 824 de
740 793 807 824 fide
832 792 966 824 orthod.
992 792 1110 836 cap.1.
1134 793 1229 825 vocis

97 851 190 888 αἰών
211 852 473 895 significationes
496 854 672 899 proponit,
696 867 780 898 quae
801 853 923 898 partim
945 854 985 886 ad
1003 855 1228 894 terminatum,

95 913 286 960 partim‘ad
309 914 561 948 interminatum
584 915 750 960 temporis
773 915 919 960 spatium
933 916 1116 960 pertinent.
1153 916 1229 949 Ari-

95 977 236 1011 stoteles
261 977 288 1010 Ι.
313 977 355 1010 de
380 977 507 1018 Coelo,
530 978 653 1010 factam
688 986 786 1022 putat
817 991 938 1010 vocem
963 977 1070 1019 αἰών,
1102 980 1143 1010 ab
1174 978 1231 1013 ἀεὶ

97 1034 160 1081 ὤν,
185 1051 253 1084 quo
277 1039 485 1072 aeternitatis
507 1039 638 1072 notatio
665 1038 866 1072 continetur.
913 1039 1009 1072 Hanc
1035 1040 1231 1081 originatio-

97 1113 176 1133 nem
200 1100 322 1133 deintle
346 1110 548 1145 usurparunt
571 1101 737 1140 Plotinus,
760 1100 914 1142 Proclus,
939 1101 1172 1147 Etyrnologus,
1200 1111 1233 1134 et

98 1162 168 1195 alii.
215 1163 261 1195 At
291 1174 332 1194 eo
365 1171 478 1194 tamen
509 1163 677 1195 vocabulo
709 1171 890 1206 utrumque
923 1171 1057 1206 tempus
1088 1163 1232 1207 exprimi

99 1225 226 1257 fatetur
263 1223 391 1256 ibidem
427 1223 635 1256 Aristoteles.
689 1224 743 1255 Ab
783 1222 876 1258 αἰών
909 1224 1040 1267 prodiit
1074 1224 1231 1257 Latinum

102 1297 290 1325 »aevum,«
322 1284 449 1317 inserto
481 1285 648 1326 digamma
680 1285 842 1327 Aeolic0;
877 1294 915 1317 ut
947 1286 988 1318 ab
1022 1282 1074 1324 ὄϊς
1106 1286 1230 1320 »ovis«

102 1348 274 1379 »Aevum«
299 1345 410 1388 igitur,
434 1355 471 1378 ut
495 1344 604 1386 αἰών,
633 1346 861 1390 multiplicem
885 1346 985 1380 habet
1009 1347 1093 1389 vim,
1124 1350 1230 1381 modo

98 1418 233 1453 tempus
257 1407 323 1440 fine
348 1419 475 1447 carens,
498 1408 604 1439 modo
629 1407 844 1439 terminatum
871 1408 1054 1449 designans.
1103 1409 1231 1442 Prioris

98 1479 199 1502 testes
223 1468 359 1503 Servius
382 1468 416 1501 in
440 1469 496 1502 VI.
527 1468 668 1502 Aeneid.
693 1481 779 1502 vers.
804 1469 897 1510 764„
930 1470 1134 1504 Censorinus
1159 1484 1232 1515 cap.

99 1531 164 1572 16„
189 1539 223 1564 et
246 1530 395 1564 Isidorus
419 1529 598 1572 Originum
625 1530 702 1565 libr.
728 1531 767 1564 V.
793 1544 866 1576 cap.
891 1531 945 1566 38.
993 1534 1157 1572 »Aevum‚
1182 1532 1232 1564 in-

98 1592 182 1638 quit,
206 1600 256 1625 est
279 1600 368 1624 aetas
391 1601 567 1637 perpetua,
592 1591 685 1638 cujus
702 1605 812 1637 neque
829 1592 974 1634 initium,
999 1607 1108 1638 neque
1127 1603 1234 1626 extre-

98 1654 196 1687 mitas
220 1653 377 1693 nascitur,
401 1654 494 1698 quod
511 1653 633 1687 Graeci
657 1656 772 1689 αἰῶνα
786 1664 919 1696 vocant,
944 1656 1037 1700 quod
1050 1655 1231 1699 aliquando

98 1716 190 1760 apud
222 1727 280 1748 eos
312 1727 376 1758 pro
407 1714 564 1757 saeculo,
601 1714 782 1758 aliquando
821 1729 884 1760 pro
917 1726 1053 1749 aeterno
1085 1717 1233 1761 ponitur.

100 1776 200 1809 Unde
225 1784 259 1808 et
283 1776 373 1820 apud
396 1774 533 1807 Latinos
556 1784 606 1808 est
630 1775 850 1810 derivatum.«
906 1778 1110 1810 Posterioris
1134 1778 1234 1819 signi-

101 1837 269 1870 ficationis
292 1836 385 1870 testis
408 1836 568 1869 Horatius
587 1837 732 1871 Carmin.
758 1838 834 1871 libr.
854 1839 895 1873 ΙΙ.
921 1839 986 1871 Od.
1013 1838 1043 1873 9.
1069 1847 1154 1871 vers.
1171 1839 1234 1880 13..

102 1898 162 1931 ubi
188 1908 260 1931 »ter
281 1910 386 1931 aevo«
413 1898 567 1930 functum
591 1899 769 1932 Nestorem
797 1899 896 1940 dicit,
927 1900 986 1945 qui
1017 1910 1082 1932 tres
1108 1900 1235 1945 γενεάς

104 1969 297 2000 excesserat,
321 1960 387 1992 hoc
412 1969 462 1992 est
484 1960 536 1994 90.
562 1973 677 1994 annos.
727 1961 821 1992 ldem
845 1973 964 1993 aevum
989 1975 1052 2006 pro
1078 1971 1234 2007 tempore

103 2031 243 2066 usurpat
267 2021 363 2066 epist.
391 2021 420 2056 1.
445 2021 502 2054 lib.
527 2022 571 2056 ΙΙ.
595 2036 678 2055 vers.
706 2022 793 2064 159.‚
819 2036 894 2055 cum
918 2023 964 2056 ait
990 2023 1127 2065 vestigia
1148 2025 1234 2057 ruris

106 2084 139 2116 in
164 2084 301 2126 longum
327 2095 446 2115 aevum
470 2083 637 2118 mansisse.
684 2085 794 2129 Saepe
824 2097 888 2128 pro
913 2094 1020 2117 aetate
1045 2086 1234 2126 adhibetur,

105 2145 194 2177 unde
223 2145 434 2186 »longaevus,
457 2146 672 2188 grandaevus,
697 2159 871 2179 coaevus«
928 2147 981 2178 Ab
1009 2160 1122 2187 naevo,
1145 2148 1235 2180 nevi-

105 2214 186 2244 tas,«
214 2214 246 2238 et
270 2217 332 2249 per
355 2205 622 2238 contractionem
650 2216 798 2240 »aetam«
831 2206 923 2252 cujus
948 2207 1039 2240 idem
1064 2218 1113 2241 est
1138 2208 1236 2241 intel-

106 2267 212 2299 lectus
247 2279 285 2299 ac
324 2266 469 2308 ›naevi;«
501 2280 578 2300 nain
609 2269 714 2301 modo
746 2278 879 2314 tempus
901 2279 1094 2311 aeternum,
1130 2272 1235 2302 modo
