1403 2492
186 87 254 125 308
521 88 634 122 Psrm
657 88 836 122 omma
860 87 994 122 Hussrn

184 192 224 211 ex
256 177 433 223 Scriptura
466 190 558 211 sacra
597 179 779 212 conciliare
816 179 935 212 itidem
967 178 1106 212 student
1135 178 1305 214 Haeretici

185 253 297 273 annon
322 252 362 272 ex
386 240 509 273 divinis
538 241 647 274 Libris
672 241 707 274 in
731 240 860 273 alienos
885 250 918 273 et
942 240 1091 274 nefarios
1114 254 1229 274 sensus
1252 254 1270 274 a
1293 254 1327 274 se

188 302 353 334 contortis
388 302 549 346 pestifera
579 316 638 336 sua
679 304 836 344 dogmata
871 302 1098 336 extuderunt?
1136 302 1214 336 Pari
1247 316 1326 345 ergo

187 364 260 409 jure
285 376 440 396 errorum
465 364 638 405 omnium,
662 365 690 397 si
714 365 759 397 ita
787 364 885 409 loqui
909 364 1000 404 licet,
1025 364 1202 410 Scriptura
1225 378 1328 405 sacra,

186 426 276 459 male
300 425 434 459 scilicet
457 437 611 472 accepta,
644 428 720 461 fons
753 426 886 458 dicatur
910 435 943 458 et
967 425 1083 468 origo,
1115 427 1160 459 ob
1183 439 1329 472 praepo-

187 498 277 521 stera
299 500 423 533 nempe
448 488 709 522 naereticorum
739 487 889 530 ingenia,
921 487 1228 533 optima2quaeque
1252 501 1330 533 per-

189 550 407 584 vertentium.

278 613 322 647 X.
385 611 543 657 Denique
565 612 597 656 ¹)
634 611 851 656 potissimum
894 610 1036 653 Origeni
1080 623 1119 644 ex
1159 610 1328 644 librorum

187 673 293 719 ipsius
325 673 568 719 depravatione
606 673 835 718 patrocinium
870 673 1081 706 conciliatur.
1142 675 1330 714 Argumen-

187 746 260 769 tum
284 736 373 769 illud
401 735 545 781 arripuit
572 736 773 781 Anonymus
805 735 909 780 ipsius
940 736 1101 769 defensor
1123 735 1214 780 apud
1238 735 1328 768 Pho-

187 798 275 832 tium
299 798 385 833 Cod.
413 798 488 833 117.
537 797 630 830 ldem
656 810 737 830 vero
763 797 928 842 peculiari
950 797 1071 830 libello
1089 797 1243 830 dilatavit
1259 798 1328 830 Ru-

185 861 285 902 finus,
311 860 404 906 cujus
430 871 562 893 summa
593 859 676 892 haec
708 869 777 892 est:
820 859 901 892 lude
933 858 1090 902 Origenis
1116 859 1262 893 Codices
1286 860 1329 892 ab

188 922 378 956 Haereticis
403 931 437 954 et
460 921 640 954 malevolis
665 921 867 965 depravatos
891 919 1003 964 argui,
1037 921 1130 966 quod
1161 922 1329 954 contraria

187 994 222 1017 et
244 983 464 1029 repugnantia
487 996 557 1015 non
582 982 616 1015 in
647 982 785 1015 diversis
808 982 921 1015 solum
946 982 1050 1027 ipsius
1074 983 1328 1028 scriptionibus,

187 1047 248 1080 sed
271 1046 393 1079 iisdem
418 1043 521 1078 etiam
554 1045 639 1078 locis
672 1045 944 1090 comperiantur,
979 1045 1092 1089 qualia
1123 1046 1164 1078 ab
1189 1045 1327 1078 homine

187 1122 260 1142 non
284 1109 421 1147 insano,
457 1120 521 1140 nec
556 1107 690 1151 penitus
722 1115 835 1139 mente
867 1116 1042 1139 commoto
1067 1106 1191 1151 scripta
1214 1108 1327 1140 nullus

187 1170 351 1216 suspicari
376 1169 499 1215 possit;
522 1169 664 1202 Patrum
689 1169 835 1202 aliorum
861 1168 967 1202 libros
990 1169 1063 1213 pari
1086 1169 1193 1201 modo
1219 1170 1328 1202 eccle-

187 1233 256 1267 siae
280 1232 474 1278 perduelles
499 1230 705 1276 corrupisse,
737 1240 818 1276 puta
844 1230 1029 1264 Clementis
1053 1230 1217 1271 Romani,
1251 1232 1328 1264 Cle-

189 1295 312 1328 mentis
335 1293 474 1327 alterius
491 1292 729 1334 Alexandrini;
754 1305 791 1325 ac
810 1292 968 1338 Dionysii
992 1292 1074 1326 item
1093 1293 1329 1335 Alexandrini;

189 1357 261 1404 ejus
292 1357 388 1390 libris
416 1369 535 1389 manus
566 1356 607 1387 ab
638 1354 825 1388 Haereticis
865 1354 973 1388 illatas
1005 1354 1224 1388 Athanasium
1268 1356 1327 1388 de·

189 1429 410 1462 monstrasse3
435 1419 580 1452 eundem
606 1429 720 1450 casum
746 1416 919 1450 Athanasii
943 1417 1048 1462 ipsius
1067 1417 1212 1451 Codices
1229 1418 1326 1450 susti-

188 1483 317 1524 nuisse3
340 1480 463 1515 Hilarii
488 1492 624 1525 quoque
650 1488 683 1511 et
710 1478 888 1524 Cypriani3
912 1492 974 1511 nec
994 1479 1094 1512 sacris
1119 1478 1199 1523 ipsis
1219 1479 1326 1512 Volu-

188 1544 337 1577 minibus
367 1541 517 1576 nefarios
549 1540 702 1572 homines
734 1539 967 1572 Marcionis-tas
1004 1549 1037 1572 et
1071 1540 1236 1585 Apellitas
1267 1554 1327 1586 pe-

188 1605 355 1651 percisse3
385 1616 454 1636 non
485 1615 587 1635 unam
620 1601 897 1634 lucubrationum
927 1615 1065 1634 suarum
1096 1604 1325 1648 corruptelam

189 1669 231 1700 ab
256 1665 452 1700 adversariis
477 1664 546 1697 suis
568 1664 760 1709 profectam
786 1663 969 1705 Origenem
999 1664 1111 1709 ipsum
1138 1666 1327 1710 deprehen-

190 1729 297 1768 disse,
319 1727 372 1760 uti
394 1726 467 1772 ipse
491 1727 583 1771 apud
609 1724 736 1758 amicos
766 1725 1012 1762 Alexandrinos
1043 1736 1179 1771 questus
1213 1737 1262 1760 est
1291 1728 1325 1761 in

189 1790 346 1836 epistola,
370 1802 472 1834 quam
495 1787 673 1832 descripsit
696 1788 853 1829 Rufinus;
879 1788 1021 1821 eandem
1046 1801 1184 1833 quoque
1208 1802 1328 1834 quere-

190 1853 258 1886 lam
282 1852 317 1885 in
342 1851 408 1884 alia
431 1850 544 1895 ipsum
568 1849 714 1894 epistola
739 1849 886 1883 iterasse.
933 1850 1018 1883 Prae
1051 1850 1124 1883 aliis
1159 1863 1240 1884 vero
1267 1853 1326 1885 de-

188 1923 346 1959 pravatos
370 1913 474 1946 fuisse
498 1912 604 1945 libros
628 1914 711 1956 περὶ
726 1911 860 1957 ἀρχῶν,
886 1911 979 1944 idem
1003 1913 1107 1945 tradit
1123 1913 1265 1946 Rufinus
1290 1914 1323 1947 in

187 1976 338 2018 Prologo
363 1975 406 2008 iis
429 1974 590 2020 praefixe.
646 1973 734 2007 Huic
756 1974 898 2007 adsonat
920 1974 1117 2007 Vincentius
1141 1974 1324 2009 Lirinensis

187 2038 222 2072 in
246 2038 367 2071 libello
391 2037 549 2070 adversus
573 2036 755 2077 Haereses,
793 2036 892 2082 capit.
917 2036 972 2072 23.
1021 2037 1110 2070 »Sed
1141 2037 1232 2071 dicet
1262 2038 1324 2071 ali-

282 2197 314 2243 ¹)
340 2198 407 2231 Adi
438 2197 690 2231 Praefationem
721 2198 824 2231 Tomi
851 2198 876 2232 I.
908 2211 983 2243 pag.
1007 2197 1039 2232 2.
1072 2197 1105 2233 3.
1131 2207 1165 2230 et
1188 2198 1238 2237 4.,
1261 2198 1319 2231 ubi

185 2244 268 2278 haec
297 2243 462 2276 sententia
493 2244 700 2276 confutatur.
732 2244 876 2277 Ruaeus.
900 2259 944 2268 -
975 2243 1044 2278 Csr.
1069 2243 1317 2287 prolegomena

187 2291 241 2324 ed.
263 2298 370 2324 nostr.
393 2289 495 2323 Tom.
520 2289 646 2323 XXIV.
669 2289 893 2335 praefigenda.

280 2418 293 2426 ο
