1403 2492
167 94 234 129 212
501 92 612 126 Pam
643 92 816 126 omaus
841 92 971 126 Ηυετιι

168 183 318 222 vissima,
344 182 472 227 inquit,
496 193 533 216 ut
557 192 652 223 sunt,
676 196 745 216 non
771 183 883 215 vaicnt
907 182 1084 216 enm-raris«
1131 182 1306 228 »uQui⁸')

167 244 343 278 annuntiat
374 244 416 276 de
442 244 707 279 novissimis?««
746 245 813 278 »ait
844 245 1032 289 Scriptura.
1085 243 1184 287 Quae
1215 244 1305 278 vide-

167 320 253 347 mus,
279 307 334 351 (ut
357 315 470 351 tamen
495 306 733 346 concedamus,
758 306 837 351 quia
861 306 973 351 aliqua
990 306 1171 349 videmus,)
1196 307 1307 340 media

167 378 262 402 sunt:
288 380 372 412 quae
387 377 463 401 ante
478 368 643 400 mundum
659 368 797 408 suerint,
819 368 1029 410 ignoramus:
1055 368 1191 400 suerunt
1203 381 1308 412 porro

168 430 334 475 quaedam
365 439 442 462 ante
477 430 652 462 muudum.
710 429 806 472 Quae
843 438 921 473 post
959 430 1122 462 mundum
1154 439 1310 463 secutura

167 501 262 531 sunt,
294 492 336 524 ad
372 501 502 524 certum
533 504 601 523 nun
634 492 938 535 apprehendimus:
970 502 1068 525 crunt
1103 502 1215 525 autem
1245 493 1310 524 alia

167 563 248 599 post
278 554 475 586 mundum.«
532 553 621 586 Tum
648 563 782 597 postea:
819 554 887 586 »Ea
909 567 993 599 quae
1018 561 1098 599 post
1122 563 1310 586 extremum

167 615 342 650 saeculum
365 616 479 648 sutura
503 624 580 647 sunt
605 614 639 646 in
663 615 795 648 saecula
825 616 1058 656 sacculorum,
1091 615 1166 661 quis
1197 624 1312 660 potest

168 677 366 724 exponere?
389 677 613 711 Garrulorum
639 685 688 708 est
711 676 887 710 hominum
911 678 1035 710 horum
1053 677 1211 710 notitiam
1234 677 1312 722 pol-

168 739 286 780 liceri,
313 738 556 778 nescientium,
590 737 669 783 quia
693 737 798 771 homo
825 752 863 771 ea
885 748 1016 772 tantum
1040 748 1156 784 potest
1179 752 1311 784 capere,

169 814 254 847 quae
278 799 392 833 media
415 810 503 841 sunt,
529 809 563 833 et
588 813 626 833 ea
652 812 738 845 quae
762 810 841 845 post
856 801 1021 833 mundum
1034 814 1140 846 usque
1161 801 1204 834 ad
1229 814 1311 834 con—

167 861 431 897 summationem
457 862 492 895 in
515 861 645 908 judicio
671 871 748 895 sunt
772 863 885 895 futura
909 863 952 895 de
975 863 1115 908 poenis,
1146 863 1189 896 de
1213 863 1311 896 retri-

167 925 324 959 butione.
370 924 416 957 Et
438 924 562 957 horum
588 937 726 969 quoque
758 923 867 956 multa
884 924 1063 964 ,absconsa
1093 934 1170 958 sunt
1199 925 1310 966 nobis,

167 997 206 1021 ut
229 996 373 1033 propter
396 986 463 1019 hoc
487 985 627 1031 quidem
650 985 816 1030 seriptum
839 985 928 1019 sitm
963 986 1148 1020 ›mDuabus
1160 988 1196 1032 2>
1220 987 1311 1020 vela—

167 1050 251 1083 bant
272 1047 448 1082 saciem.««
497 1047 597 1081 Unde
621 1059 673 1079 res
707 1059 760 1079 eas
790 1056 1054 1092 pei-tractaturus
1085 1048 1145 1083 lib.
1172 1049 1202 1085 1.
1227 1053 1313 1097 περὶ

170 1111 305 1157 ἀρχῶν,
330 1122 402 1154 cap.
427 1108 459 1143 6.
479 1121 574 1142 num.
599 1109 630 1143 1.
660 1108 723 1141 hac
748 1109 975 1142 obtestatione
996 1110 1137 1144 lectoris
1160 1121 1311 1144 mentem

171 1182 334 1218 occupat:
361 1170 482 1214 »Quae
507 1169 646 1215 quidem
678 1183 697 1203 a
719 1170 818 1203 nobis
839 1170 945 1203 etiam
971 1184 1048 1204 cum
1070 1185 1194 1214 magno
1217 1183 1312 1206 metu

170 1245 204 1268 et
227 1233 359 1267 cautela
382 1232 557 1275 dicuntur,
590 1232 849 1266 discutientibus
879 1232 983 1275 magis
1012 1243 1046 1267 et
1077 1235 1314 1280 pertractanti-

169 1298 244 1338 bus,
268 1308 370 1340 quam
393 1308 457 1340 pro
483 1304 578 1328 certo
603 1307 642 1328 ac
665 1295 807 1328 definito
839 1295 1072 1331 statuentibus.
1119 1297 1313 1330 ludicatum

170 1346 317 1403 namque
342 1371 361 1391 a
384 1357 483 1390 nobis
508 1357 542 1390 in
566 1357 799 1402 superioribus
825 1367 884 1398 est,
910 1371 995 1403 quae
1018 1358 1094 1399 sint,
1120 1359 1162 1392 de
1187 1358 1310 1404 quibus

170 1420 350 1454 manifesto
374 1420 534 1461 dogmate
558 1419 808 1452 terminandum
833 1419 894 1452 sit:
919 1421 1013 1465 quod
1038 1430 1071 1453 et
1093 1433 1158 1465 pro
1183 1420 1310 1453 viribus

170 1495 233 1514 nos
256 1479 376 1513 fecisse
399 1489 486 1524 puto
513 1493 590 1512 cum
615 1480 836 1513 determinate
860 1480 1091 1525 loqueremur.
1128 1483 1227 1515 Nunc
1251 1495 1310 1514 au-

170 1553 241 1577 tem
264 1540 460 1587 disputandi
483 1540 595 1585 specie
619 1541 740 1583 magis,
760 1554 861 1585 quam
887 1542 1081 1583 definiendi,
1104 1553 1208 1588 prout
1230 1557 1311 1588 pos-

171 1618 302 1644 sumus,
340 1615 566 1635 exercemur.«
620 1604 730 1647 Atque
759 1603 821 1636 hac
851 1604 1086 1638 admonitione
1117 1592 1311 1650 praemuni-

171 1678 241 1701 tam
272 1664 543 1699 dissertationem
576 1664 680 1697 altera
710 1664 772 1697 hac
798 1666 939 1711 excipit,
977 1666 1076 1700 initio
1109 1668 1226 1712 capitis
1258 1681 1309 1701 sc-

172 1728 322 1775 quenti52
350 1726 462 1759 »Haec
486 1725 644 1771 quidem,
676 1739 760 1770 quae
783 1727 939 1772 superius
963 1728 1197 1770 disseruimus,
1214 1730 1248 1774 ³)
1273 1730 1307 1763 in

171 1790 320 1834 generali
348 1788 448 1822 nobis
478 1801 634 1821 sermone
668 1787 795 1830 digesta
817 1799 911 1830 sunt,
948 1803 1011 1835 per
1035 1792 1309 1837 consequentiam

171 1853 275 1896 magis
287 1852 322 1898 ὅ)
348 1845 603 1890 intellectuum,
636 1863 736 1896 quam
761 1850 902 1884 definito
927 1852 1084 1894 dogmate
1108 1863 1309 1898 pertractata

171 1925 272 1960 atque
296 1913 444 1947 discussa
468 1911 511 1944 de
540 1911 799 1946 rationabilibus
823 1913 1014 1959 naturis,⁵)
1044 1924 1125 1960 post
1156 1929 1232 1949 eum
1256 1916 1309 1949 lo-

266 2071 299 2116 ¹)
327 2070 398 2103 efr.
423 2069 524 2103 sesai.
548 2069 639 2111 XLI,
662 2069 717 2104 26.
813 2072 847 2115 2)
875 2070 945 2105 cfr.
969 2071 1070 2106 Jesai.
1094 2072 1153 2113 w,
1177 2071 1208 2107 2.

263 2128 299 2171 ³)
322 2125 387 2158 Ed.
411 2125 537 2158 Ruaei:
567 2124 802 2167 disseruimus,
837 2127 985 2169 generali
1018 2127 1117 2161 nobis
1150 2141 1305 2161 sermone

172 2174 297 2216 digesta
321 2172 398 2203 sint.

263 2228 298 2271 ⁴)
322 2226 411 2259 Edd.
435 2225 570 2259 Huetii:
593 2226 695 2268 magis
721 2226 907 2262 intellecta.

263 2284 297 2330 ⁶)
320 2282 408 2315 Edd.
433 2282 568 2315 Huetii:
592 2284 778 2317 secundum
804 2298 880 2317 cum
906 2284 1030 2318 locum.
