1403 2492
170 52 217 90 34
509 55 624 89 Pssrm
643 57 821 92 nimus
845 57 979 92 Hom-u

172 156 411 191 peccatorum,
435 145 640 179 virtutumve
666 147 795 180 ratione
822 158 854 181 vt
878 149 1003 188 modo,
1036 149 1090 180 vel
1115 148 1313 190 angolorum

172 209 333 254 consequi
359 208 577 250 dignitatem,
609 210 663 241 vel
695 210 910 242 crassioribus
943 210 1139 250 hominum,
1176 211 1314 243 daemo-

169 284 293 305 numve
325 270 528 315 corporibus
558 271 714 312 adnecti,
753 281 786 304 et
823 282 988 317 perpetua
1019 281 1150 306 utentes
1181 271 1313 305 arbitrii

169 334 337 372 libertate,
362 333 484 365 iterum
510 332 700 378 iterumque
722 333 773 365 vel
798 343 900 373 recte,
926 334 979 366 vel
994 335 1081 367 male
1099 347 1195 377 agere
1211 346 1311 380 posse

167 395 338 435 crederet,
361 395 546 428 necessaria
571 405 846 437 argumentorum
872 395 1114 441 consequentia
1137 408 1179 429 eo
1204 396 1312 429 addu-

167 459 324 497 cebatur,
359 466 397 490 ut
432 457 559 490 animas
595 457 773 490 hominum
806 457 928 490 iterum
964 458 1158 503 iterumque
1195 457 1310 491 subire

164 533 265 566 posse
289 520 453 552 fateretur
476 519 654 551 hominum
680 532 836 565 corpora,
862 520 915 552 vel
934 520 1151 553 daemonum.
1195 521 1308 565 Atque

164 585 224 617 illa
248 592 298 615 est
322 592 390 615 tam
416 581 610 622 decantata,
641 581 743 614 toties
773 582 911 627 explosa
937 582 1093 624 Origenis
1121 594 1310 630 μετενσω-

163 644 342 692 μάτωσις,
373 643 466 689 quasi
492 643 603 689 dicas,
638 643 1036 689 »transincorporati03«
1071 657 1155 690 quae
1181 653 1215 677 et
1236 657 1309 691 με-

161 705 397 754 τεμψῦχωσις
420 705 587 750 appellari
613 715 740 752 potest,
764 707 858 752 quod
874 706 1017 739 reddere
1035 719 1148 752 queas,
1173 716 1309 740 »trans-

161 769 398 804 inanimatio.«
454 768 602 801 Pulchre
639 768 806 811 dogmatis
842 768 1018 813 utriusque
1059 768 1307 802 connexionem

160 832 248 866 vidit
281 829 466 872 Gregorius
498 831 673 875 Nyssenus
711 831 802 877 apud
836 830 1064 863 Justinianum
1101 830 1136 864 in
1173 844 1226 876 ep.
1263 831 1307 864 ad

159 896 298 929 Blenam
325 892 568 938 patriarcham,
606 902 640 926 et
664 892 698 925 in
724 892 873 934 Origene
897 892 1127 937 reprehendit.
1175 891 1308 936 Quem-

159 956 345 990 admodum
370 964 483 988 autem
509 954 692 999 dupliciter
709 954 860 995 vox-ista,
884 954 1178 1001 μετεμψύχωσις,
1202 955 1304 998 vulgo

156 1027 356 1064 usurpatur,
392 1018 446 1049 vel
478 1030 542 1062 pro
574 1017 718 1050 transitu
749 1016 879 1050 animae
914 1030 953 1050 ex
984 1018 1132 1050 humano
1158 1030 1305 1062 corpore

156 1082 193 1114 in
216 1081 400 1113 humanum
432 1092 573 1123 corpus;
606 1078 661 1111 vel
694 1091 757 1123 pro
789 1079 990 1121 migratione
1022 1080 1152 1113 animae
1178 1092 1217 1113 ex
1241 1080 1304 1112 hu-

156 1155 258 1176 mano
286 1153 433 1185 corpore
458 1140 492 1173 in
517 1141 653 1185 plantae
679 1153 814 1185 corpus,
839 1141 892 1173 vel
917 1142 1074 1187 pecudis,
1098 1155 1198 1186 quam
1222 1155 1304 1187 pro-

155 1204 319 1251 pugnavit
349 1202 573 1249 PythagoraS..
604 1215 773 1247 quamque
806 1203 972 1248 peculiari
1006 1204 1128 1237 libello
1158 1204 1303 1237 ,Iambli-

157 1268 239 1300 chus
264 1264 469 1298 confutavit:
502 1264 547 1297 ita
578 1264 670 1310 juxta
693 1264 935 1307 Origenianam
967 1266 1158 1300 doctrinam
1183 1267 1303 1300 distin-

155 1329 288 1372 guenda
323 1335 372 1359 est
401 1326 558 1368 migratio
591 1326 720 1359 animae
750 1327 882 1360 ratione
907 1328 1080 1373 praeditae
1105 1342 1123 1362 e
1149 1330 1319 1371 coelesti‚⁴

153 1391 208 1423 vel
234 1390 402 1430 humano,
435 1387 489 1420 vel
521 1388 744 1420 daemoniaco
770 1402 916 1434 corpore
942 1389 974 1421 in
998 1390 1138 1435 pecudis
1164 1394 1321 1437 σοι-μυεῖ·

155 1463 190 1485 et
212 1451 380 1492 vicissim3
405 1462 424 1482 a
448 1449 649 1491 migratione
674 1450 806 1483 animae
830 1450 1016 1493 rationalis,
1042 1466 1128 1498 quae
1153 1452 1319 1499 corpor²o

151 1515 241 1548 inter
272 1512 449 1550 coelestia,
484 1512 646 1547 humana.
684 1522 718 1545 et
751 1513 985 1554 daemoniaca,
1024 1514 1105 1548 citra
1136 1504 1320 1557 belluina'‚²·

150 1577 258 1610 aliave
291 1574 464 1621 quaelibet
495 1573 682 1618 perficitur.
730 1575 845 1620 Atque
869 1575 954 1608 hanc
978 1575 1208 1621 posteriorem
1231 1578 1320 1610 tui-⁴¹

149 1649 223 1672 tum
249 1651 318 1671 esse
344 1637 545 1679 origenem,
568 1645 690 1680 utpote
716 1649 755 1669 ex
780 1636 852 1683 ejus
878 1647 992 1682 aptam
1015 1639 1209 1685 principiis,
1238 1652 1297 1672 ne-

151 1701 220 1744 gari
244 1713 312 1733 non
337 1708 462 1745 potest.
522 1698 622 1731 Unde
655 1711 841 1745 anonymus
865 1699 980 1733 Photii
1006 1701 1092 1734 Cod.
1118 1701 1193 1736 117.
1225 1702 1297 1734 cul-

149 1772 266 1809 patum
299 1775 377 1794 eum
407 1761 530 1801 refert,
570 1761 663 1805 quod
696 1762 832 1794 dixerit:
864 1760 941 1797 ’Ότι
979 1760 999 1805 ἦ
1036 1765 1099 1798 τοῦ
1134 1765 1297 1808 σωτῆρος

150 1824 270 1870 ψυχὴ,
302 1823 324 1868 ἡ
356 1825 420 1858 τοῦ
443 1816 642 1868 Ἀδὰμ”ἦν.
690 1823 796 1867 Quod
821 1823 865 1856 ita
892 1823 1043 1868 accipio:
1075 1836 1160 1869 quae
1185 1825 1295 1857 suerat

149 1886 273 1920 Adami
299 1885 427 1926 anima,
461 1898 534 1918 earn
558 1885 592 1917 in
617 1898 742 1930 corpus
766 1885 954 1918 Servatoris
979 1885 1096 1918 multis
1120 1895 1200 1930 post
1224 1899 1295 1919 sae-

147 1948 231 1981 culis
263 1947 443 1980 transiisse.
505 1947 605 1980 Unde
640 1956 674 1978 et
705 1947 917 1991 Theophilus
951 1946 1135 1989 Origenem
1171 1947 1292 1981 dixisse

147 2010 211 2049 ait,
246 2010 420 2042 hominem
452 2008 601 2042 crebrius
633 2009 740 2042 mori:
777 2009 870 2054 quod
902 2022 970 2042 non
1001 2009 1100 2042 aliter
1122 2008 1290 2051 intelligo,

145 2085 247 2117 quam
272 2072 398 2104 animas
422 2084 667 2116 saepenumero
694 2084 710 2104 e
738 2071 939 2117 corporibus
964 2071 998 2104 iu
1022 2084 1167 2116 corpora
1185 2081 1290 2104 trans-

144 2134 210 2174 ire,
244 2143 277 2166 et
300 2134 686 2179 μειενσωματοῦσθαι.

233 2196 363 2228 XVIII.
399 2195 527 2226 Verum
545 2195 696 2238 priorem
718 2209 855 2240 quoque
879 2193 1177 2241 μετεμψιῗχωσιν,
1203 2208 1287 2240 quae

142 2257 367 2304 Pythagorica
392 2265 451 2293 est,
477 2255 623 2289 tenuisse
650 2258 750 2291 illuni
768 2258 908 2291 Veteres
926 2257 1027 2291 multi
1053 2257 1286 2291 vociferantur
