1403 2492
157 75 224 114 108
491 79 603 112 Pmm
626 78 799 113 Danmms
827 79 962 115 uuam

156 169 310 214 lagianis)
348 168 482 201 videtur
514 169 705 203 alienorum
738 170 891 203 remissio
923 179 1189 215 peccatorum,«
1216 184 1301 218 quae

155 233 195 265 fit
226 245 288 276 per
309 231 535 276 baptismum,
572 245 665 276 »qua
705 245 774 264 non
806 231 935 274 indiget
966 231 1026 276 qui
1057 245 1199 277 peccare
1231 246 1301 266 non

156 293 288 339 potuit:
320 293 458 326 transite
490 294 531 326 ad
567 294 739 327 Amasium
777 304 945 335 vestrum,
981 293 1039 339 qui
1063 293 1244 339 praeterita
1268 295 1303 328 in

156 355 272 396 coelis,
299 365 332 388 et
355 355 492 402 antiqua
517 356 641 389 delicta
674 355 763 389 solvi
788 356 871 389 dicit
896 356 931 390 in
955 356 1153 402 baptismo;
1185 365 1223 389 ut
1247 369 1303 390 cu-

155 418 207 466 jus
233 418 266 451 in
291 418 412 452 ceteris
437 418 646 458 auctoritate·
664 418 840 458 ducimini,
866 418 967 451 etiam
993 418 1027 451 in
1052 419 1114 452 hac
1130 427 1226 463 parte
1251 431 1303 451 er-

155 495 270 514 rorem
293 480 518 526 sequamini.«
571 480 745 513 Amasium
776 480 895 521 illum,
927 481 1110 524 Origenem
1135 480 1304 524 intelligo,

155 544 250 589 quasi
273 544 315 576 ab
339 543 528 576 adamando
556 543 728 575 diceretur
752 542 992 585 Adamantius,
1019 543 1068 576 sic
1091 544 1134 577 ab
1157 543 1302 577 amando

154 606 284 639 dictum
308 604 494 638 Amasium.
544 605 658 649 Quem
692 619 769 638 cum
800 614 941 650 peccata
972 604 1006 637 in
1039 605 1139 639 coelo
1166 606 1209 639 ab
1233 605 1304 638 ani-

153 667 216 699 mis
241 666 385 699 admissa
410 666 593 700 credidisse
618 667 696 701 sassi
719 667 843 707 simus,
870 667 988 699 eadem
1012 667 1184 712 baptismo
1208 666 1303 701 ablui

152 738 286 774 putasse
309 742 378 761 non
403 742 581 771 negamus:
606 730 635 763 si
661 730 767 762 modo
795 730 1002 763 concedatur
1018 739 1196 775 peccatum
1216 743 1303 775 quo-

154 804 218 836 que
243 790 457 836 propaginis,
489 792 529 824 ab
562 792 695 825 Adamo
729 791 939 831 derivatum,
971 791 1094 824 eodem
1129 790 1300 835 baptismo

152 854 260 886 deleri
285 852 452 885 censuisse
479 854 580 887 etiam
611 854 741 899 ipsum:
776 844 869 899 duod
906 865 1012 885 unum
1044 852 1078 885 in
1110 851 1300 898 praesentia

151 915 437 960 propugnandum
462 915 681 960 suscepimus.

242 978 352 1011 XXV.
402 979 568 1021 Superest
599 976 684 1022 jam,
715 984 753 1008 ut
778 976 819 1008 de
852 976 919 1008 suis
952 976 1040 1009 circa
1071 975 1301 1021 praedestina-

149 1039 279 1072 tionem
303 1038 438 1084 placitis
465 1039 630 1081 Origenes
666 1051 814 1071 caussam
848 1038 947 1074 dicat,
995 1038 1194 1072 Bleminisse
1220 1051 1298 1081 ergo

152 1111 290 1146 oportet
315 1101 417 1134 toties
442 1100 507 1146 jam
531 1115 549 1133 a
573 1100 672 1133 nobis
698 1100 867 1132 decantati
893 1099 1080 1142 dogmatis,
1111 1113 1179 1145 quo
1205 1113 1300 1133 men-

154 1173 215 1205 tes,
247 1173 430 1208 antequam
458 1163 682 1195 illaberentur
709 1161 933 1206 corporibus,
966 1161 1100 1194 duxisse
1131 1162 1234 1195 vitam
1265 1161 1299 1194 in

154 1226 254 1258 coelo
281 1224 493 1264 asseveravit,
519 1233 551 1257 et
576 1237 639 1268 pro
666 1232 739 1256 acta
763 1223 811 1256 ibi
837 1223 892 1256 vel
916 1232 1019 1264 recte,
1045 1224 1098 1256 vel
1113 1224 1201 1257 male
1223 1223 1300 1266 vita,

152 1288 275 1333 partim
301 1287 493 1329 angelicum
519 1286 675 1319 ordinem
693 1287 842 1331 adeptas,
866 1285 990 1330 partim
1006 1285 1042 1318 in
1058 1295 1181 1319 terram
1197 1287 1300 1321 fuisse

152 1351 320 1391 detrusas;
345 1362 409 1381 nec
433 1348 523 1380 varia
547 1348 658 1381 solum
685 1361 848 1392 corpora,
878 1348 1072 1393 variamque
1106 1349 1242 1383 vivendi
1267 1350 1300 1384 in

152 1411 250 1444 terris
276 1420 403 1443 sortem
429 1419 541 1442 nactas
574 1423 662 1449 esse,
693 1410 752 1442 sed
786 1409 914 1442 varium
942 1410 1042 1443 etiam
1066 1412 1189 1453 gratiae
1216 1413 1301 1446 divi-

151 1486 213 1506 nae
238 1473 380 1505 modum
407 1471 506 1504 fuisse
529 1470 748 1516 promeritas,
780 1484 923 1516 vasaque
956 1472 1071 1506 fictilia
1102 1475 1156 1506 vel
1188 1487 1298 1515 aurea,

151 1535 378 1568 contumeliae
403 1534 458 1566 vel
481 1533 620 1566 honoris
645 1533 746 1566 fnisse
773 1534 931 1576 effectas;
964 1534 1009 1567 ita
1034 1539 1158 1575 tamen,
1182 1546 1219 1569 ut
1245 1550 1297 1570 ea-

151 1598 230 1630 dem
255 1596 384 1629 arbitrii
407 1596 562 1628 libertate
588 1605 732 1639 utentes,
757 1609 845 1628 nova
870 1597 992 1638 gratiae
1012 1596 1219 1632 incrementa
1245 1613 1296 1632 ca—

150 1672 296 1704 pessere,
322 1668 356 1690 et
379 1659 420 1690 ad
445 1658 638 1702 superiores
664 1658 785 1690 iterum
812 1658 927 1691 revehi
952 1659 1084 1701 gradus,
1110 1661 1164 1693 vel
1181 1662 1222 1694 ad
1248 1662 1296 1695 in-

152 1722 293 1754 feriores
325 1720 432 1753 relabi
465 1720 607 1764 possint.
668 1722 716 1752 Ac
743 1729 854 1761 totum
886 1720 918 1753 in
944 1722 1008 1754 hoc
1033 1733 1232 1764 argumento
1259 1724 1298 1756 li-

151 1784 204 1817 bri
227 1783 365 1816 secundi
391 1786 475 1827 ῑιερὶ
501 1783 624 1827 ἀρχῶν
649 1795 778 1814 nonum
813 1792 914 1827 caput
939 1784 1106 1816 contrivit.
1168 1786 1237 1818 Sed
1263 1796 1297 1818 et

151 1846 242 1878 idem
268 1854 383 1889 aperte
416 1844 519 1876 tradit
547 1844 622 1877 libr.
648 1845 724 1877 VH.
756 1844 789 1877 in
826 1857 878 1888 ep.
915 1846 955 1877 ad
989 1846 1089 1879 Rom.
1114 1860 1206 1881 num.
1235 1849 1298 1888 17„

152 1908 237 1940 illud
261 1907 444 1939 Paulinum
482 1919 655 1939 enarrans:
689 1932 740 1947 „„
757 1908 878 1939 Annon
899 1907 929 1951 ¹)
961 1907 1062 1941 habet
1093 1919 1296 1953 potestatem

152 1971 272 2012 figulus
297 1969 376 2008 luti,
415 1982 452 2000 ex
485 1969 603 2001 eadem
636 1981 740 2000 massa
766 1970 876 2001 {acere
902 1970 994 2003 aliud
1021 1971 1158 2016 quidem
1186 1985 1239 2006 vas
1262 1973 1296 2006 in

152 2034 330 2070 honorem,
347 2031 445 2063 >aliud
470 2044 550 2063 vero
577 2031 607 2062 in
635 2031 958 2064 contumeliam?““

244 2093 547 2136 Quemadmodum
595 2102 707 2124 autem
752 2093 930 2127 arbitratus
974 2106 1022 2127 est
1065 2097 1294 2136 Adamantius,

152 2166 236 2200 quae
262 2169 278 2187 a
304 2155 401 2187 nobis
426 2164 515 2196 gesta
540 2164 616 2187 sunt
641 2156 743 2196 olim,
777 2166 956 2201 antequam
991 2170 1136 2202 corpora
1166 2159 1292 2192 subire-

249 2279 279 2323 ·)
305 2279 402 2311 Rom*
432 2278 491 2318 lx,
516 2278 566 2312 21.
