1403 2492
363 76 679 107 Omessmmonum
712 75 822 108 Lmen
848 75 892 106 11.
1119 73 1183 110 103

53 164 226 196 transitum
252 163 370 195 mortis
394 176 412 196 a
437 176 539 206 regno
564 163 698 196 mortis:
730 181 746 194 ι»
758 163 939 196 Peccatum
965 162 1094 202 eni1n,‹·
1133 165 1182 196 in-

51 226 123 270 quit
148 239 238 257 num.
267 226 313 265 l.,
341 225 557 269 „pertransiit
582 224 680 257 etiam
706 225 738 257 in
756 225 785 269 Ι)
811 223 927 270 justos,
953 233 985 256 et
1010 223 1075 255 levi
1101 237 1181 268 qua-

48 288 126 319 dam
152 300 209 319 cos
235 286 431 328 contagione
455 285 664 330 perstrinxit:
691 286 723 318 in
747 285 1071 330 praevaricatoribus
1089 298 1180 325 vero,

48 348 82 380 id
107 358 166 387 est,
192 349 252 387 his,
277 348 334 392 qui
359 360 392 380 se
418 347 446 380 ei
472 355 543 379 tota
568 356 680 379 mente
707 360 744 379 ac
769 347 951 380 devotione
985 346 1178 393 subjiciunt,

47 422 185 452 regnum
210 419 313 448 tenet,
338 418 371 442 et
395 408 487 440 omni
513 417 678 453 potestate
704 409 929 441 dominatum«
970 410 1014 441 At
1031 418 1178 441 mortem

47 472 139 503 illam
165 485 266 515 super
290 483 347 503 eos
370 479 497 502 tantum
524 479 662 511 regnum
692 470 837 502 tenuisse
863 470 954 509 vult,
985 470 1043 515 qui
1073 470 1178 503 simili

46 545 134 572 sese,
158 542 196 564 ut
220 533 342 572 Adam,
368 532 506 564 crimine
531 532 799 576 inquinaverunt.
856 531 1071 576 Quamquam
1096 531 1179 564 alibi

46 603 220 637 peccatum
246 593 381 635 originis
405 606 508 637 super
530 605 646 625 omnes
664 603 815 634 regnasse
833 592 894 625 ait':
924 593 1047 626 »Tunc
1063 605 1175 635 ergo,«

46 655 152 700 inquit
176 668 265 688 num.
290 655 340 696 2.‚
378 655 487 687 »nihil
511 655 729 699 peccantibus
759 655 874 695 nobis,
905 667 996 687 mors
1026 655 1176 696 regnavit

43 716 77 748 in
100 716 242 749 nobis:«
269 725 303 749 et
325 730 420 749 mox:
449 717 537 750 »Sed
554 718 587 762 ²)
612 715 763 758 regnavit
785 729 877 749 mors
901 717 942 749 ab
966 717 1106 749 Adamo'
1123 729 1175 748 us—

43 791 108 822 que
133 779 174 810 ad
199 779 318 811 Mosen
350 778 383 810 in
417 791 493 818 eos,
527 778 584 823 qui
609 788 835 823 peccaverunt
857 776 891 811 in
915 777 1173 811 similitudinem

41 839 334 884 praevaricationis
352 841 454 872 Adae.
502 839 666 880 Videsne,
690 850 729 872 ut
742 854 759 873 a
776 850 917 884 peccato
933 839 1064 872 nullum
1089 839 1175 871 Pau-

41 901 91 933 lus
114 901 298 934 excuset?«
348 902 570 935 Pertransisse
595 911 707 934 autem
731 911 877 934 mortem
902 901 943 933 in'
960 911 1088 941 omnes,
1112 900 1175 932 ite—

40 963 117 995 ratis
142 963 226 995 locis
251 963 374 996 diserte
399 964 529 996 asserit:
563 969 605 996 ut‘
624 977 700 995 cum
725 976 816 996 num.
843 963 872 998 1.
904 962 1058 1007 corporis
1083 975 1173 994 mor—

38 1034 106 1056 tem
131 1026 284 1057 umbram
310 1039 379 1058 esse
405 1025 488 1058 dicit
511 1025 630 1058 mortis
650 1025 799 1069 peccatig
823 1037 860 1057 ac
877 1024 1023 1069 proinde
1040 1024 1173 1056 nullum

38 1095 147 1118 morte
177 1087 307 1131 peccati
338 1100 407 1120 esse
441 1087 644 1127 immunem,
681 1087 758 1132 quia
792 1096 993 1131 corpoream
1026 1095 1173 1118 mortem

38 1161 138 1179 nemo
172 1148 275 1180 vitare
317 1158 437 1192 potest.
504 1150 542 1180 ld
578 1150 701 1193 probat
740 1148 862 1181 deinde
899 1147 1172 1180 commemoratis

38 1209 190 1252 priorum
215 1219 407 1253 temporum
433 1210 510 1241 viris
534 1210 707 1242 sanctitate
731 1210 921 1248 nobilibus,
946 1222 1031 1254 quos
1055 1221 1172 1241 omnes

41 1281 180 1314 peccato
212 1271 378 1303 obnoxios
412 1271 510 1303 [uisse
549 1273 765 1303 demonstrat.
825 1271 918 1304 Idem
957 1284 1026 1303 non
1060 1271 1169 1303 multo

37 1342 114 1376 post
139 1333 332 1371 coufirmat,
359 1333 597 1377 Apostolicum
622 1333 709 1365 illud
733 1332 913 1377 explanans
930 1333 1031 1366 Rom.
1053 1333 1093 1371 V,
1118 1331 1168 1366 18.

38 1393 195 1434 »»lgitur
218 1394 303 1425 sicut
328 1407 390 1437 per
419 1395 517 1426 unius
551 1395 714 1426 delictum
745 1394 778 1426 in
804 1406 921 1426 omnes
953 1393 1108 1426 homines
1135 1393 1170 1425 iu

35 1454 412 1494 condemnationem,««
440 1465 502 1489 etc.
549 1473 566 1488 υ
575 1456 618 1488 Et
630 1456 665 1500 ³)
683 1455 846 1496 sufficere,
856 1469 872 1484 ‘t
893 1455 1004 1500 inquit
1020 1468 1112 1488 num.
1125 1455 1169 1495 4.,

37 1517 199 1549 »forsitan
235 1526 348 1560 potest
382 1519 567 1550 secundum
599 1517 789 1562 simplicem
828 1517 1094 1562 expositionem,
1132 1525 1169 1548 ut

32 1578 197 1617 dicamus,
236 1579 554 1612 condemnationem
587 1593 656 1612 esse
688 1580 805 1612 delicti
837 1590 1053 1612 communem
1085 1579 1170 1611 hanc

33 1650 193 1679 mortem,
218 1653 301 1685 quae
327 1641 484 1673 omnibus
512 1643 620 1680 venit,
646 1652 678 1673 et
703 1642 835 1681 veniet,
862 1640 992 1674 etiamsi
1016 1640 1094 1685 justi
1117 1639 1168 1672 vi-

34 1702 218 1734 deantur:«
252 1711 351 1746 atque
376 1702 458 1734 hanc
484 1715 552 1734 esse
579 1702 661 1735 dicit
685 1703 892 1747 simplicem,
916 1716 986 1735 non
1010 1701 1167 1743 allegori-

35 1775 104 1795 cam
129 1764 387 1808 expositionem.
436 1765 506 1796 Nec
529 1764 760 1808 superioribus
792 1772 971 1809 repugnat,
1004 1764 1096 1808 quod
1121 1762 1168 1795 ait

34 1836 112 1856 nuru
135 1825 167 1858 2.
195 1826 298 1857 nNon
325 1838 440 1857 omnes
467 1826 630 1862 homines,
657 1825 743 1858 sicut
769 1827 872 1865 solet,
896 1826 931 1858 in
959 1825 1080 1858 ceteris
1104 1837 1166 1869 po-

35 1885 83 1916 nit
107 1887 343 1930 (Apostolus),
368 1888 424 1919 sed
451 1887 588 1926 multos,
614 1887 669 1932 qui
693 1888 792 1919 unius
818 1887 944 1920 delicto
970 1880 1165 1930 peccatores

35 1947 208 1979 constituti
231 1957 352 1980 sunt:«
380 1961 454 1980 nam
481 1961 597 1981 omnes
621 1949 747 1981 multos
772 1961 843 1982 esse
867 1949 992 1982 fatetur
1012 1958 1104 1980 num.
1121 1946 1165 1986 5.,

35 2008 259 2053 consultoque
294 2023 410 2042 vocem
447 2023 616 2043 »omnes«
650 2012 691 2043 ab
726 2011 896 2056 Apostolo
929 2010 1030 2043 fuisse
1062 2009 1165 2042 omis-

33 2083 119 2110 sam,
149 2084 164 2098 n
174 2083 214 2102 ne
241 2071 346 2110 forte,
370 2071 396 2103 si
422 2071 557 2104 dixisset
586 2085 648 2117 per
671 2072 769 2105 unius
793 2071 1165 2116 inobedientiam‘pec-

129 2200 159 2242 ¹)
184 2199 290 2230 Deest
317 2198 402 2230 »in«
429 2198 463 2231 in
488 2199 564 2231 edd.
589 2199 633 2232 H.
701 2202 737 2245 ²)
763 2201 832 2234 Csr.
857 2201 957 2234 Rom.
983 2200 1024 2240 V,
1049 2199 1100 2234 14.

124 2256 158 2297 3)
184 2255 291 2287 Deest
319 2255 412 2288 »Et«
441 2255 474 2287 in
499 2255 574 2288 edd.
600 2255 658 2288 H.-
