1403 2492
379 59 691 93 Omaemmonum
721 58 834 92 Lmen
858 58 902 90 11.
1140 59 1208 95 263

73 160 111 179 ac
134 147 281 189 regulam
307 148 349 180 ad
374 149 409 180 id
434 149 551 181 utilem
569 147 753 192 proponit;
777 146 1046 192 quotiescunque
1062 148 1105 180 de
1123 147 1205 180 Hie-

72 209 228 249 rusalem,
255 210 307 242 vel
332 210 480 250 Judaea,
513 210 567 241 vel
594 209 736 248 IsraEle,
770 208 824 240 vel
847 210 954 242 Jacob
979 209 1203 242 vaticinantur

72 271 201 315 aliquid
226 272 423 315 prophetae,
448 271 512 303 hoc
537 284 575 302 ex
600 270 703 314 ipsius
719 269 817 302 Pauli
841 270 995 303 instituto
1021 272 1063 303 ad
1089 271 1201 303 coele-

71 342 155 364 stem
181 333 411 373 Hierusalem,
437 333 490 365 vel
514 333 696 372 Judaeum,
722 331 775 363 vel
800 332 978 372 lsraelem,
1015 332 1068 364 vel
1092 333 1201 365 Jacob

71 394 250 436 anagogice
276 408 345 427 esse
375 394 609 426 referendum:
636 404 668 426 et
690 393 763 438 pari
788 393 889 425 etiam
909 395 1016 426 modo
1034 407 1202 439 quaecun-

71 469 136 500 que
161 456 202 488 dc
228 457 404 500 Aegypto,
432 456 623 501 Babylone,
657 455 770 500 'l'yr0‚
803 464 837 488 et
867 456 997 489 Sidone
1028 455 1200 500 praedicta

70 526 163 550 sunt:
189 531 265 550 cum
281 517 312 549 in
340 517 438 549 coelo
464 516 532 549 loci
556 517 622 549 sint
648 516 789 549 terrenis
813 516 884 550 istis
908 517 1140 558 cognomines,
1163 530 1200 550 ac

70 580 226 612 locorum
251 579 392 612 istorum
416 578 558 618 incolae,
583 578 711 610 animae
730 577 898 610 videlicet.
935 579 1093 623 Denique
1113 579 1201 611 mul-

71 641 112 674 tis
145 640 352 685 interpositis
387 639 433 672 sic
466 639 656 673 concludit:
696 640 804 672 »Sunt
828 641 1012 684 quaedam,
1053 653 1199 685 quorum

69 702 346 744 significationem
382 701 520 745 proprie
560 701 674 734 nullus
711 701 851 734 omuino
888 711 1002 746 potest
1036 702 1202 733 hnmanae

71 765 204 806 linguae
231 762 443 795 sermonibus
476 763 665 806 explicare,
695 764 754 795 sed
786 764 997 808 simpliciore
1021 764 1125 805 magis
1148 762 1199 795 in-

70 826 219 864 tellectu,
248 838 348 869 quarn
373 825 452 856 ullis
478 825 658 856 verborum
684 825 950 869 proprietatibus
975 825 1198 860 declarantur,

70 888 122 919 Ad
147 900 247 931 quam
271 887 421 928 regulam
446 886 545 918 etiam
581 885 769 919 divinarum
804 887 976 920 literarum
1008 887 1200 929 intelligen-

69 948 113 980 tia
137 949 311 980 retinenda
335 957 395 988 est,
420 961 488 992 quo
511 947 640 980 scilicet
665 961 714 988 ea,
739 961 824 993 quae
849 948 1018 988 dicuntur,
1042 962 1110 981 non
1135 961 1198 992 pro

68 1010 213 1042 utilitate
238 1010 417 1049 sermonis,
449 1010 507 1042 sed
541 1022 603 1053 pro
631 1009 806 1043 divinitate
830 1010 934 1043 sancti
960 1011 1117 1055 Spiritus,
1142 1009 1201 1055 qui

67 1085 122 1104 eas
148 1071 315 1104 conscribi
340 1071 525 1115 inspiravit,
550 1081 776 1104 censeantur.«

202 1133 261 1166 lll.
308 1132 441 1164 Primus
458 1133 487 1175 Ι)
512 1134 600 1165 hune
617 1133 887 1177 interpretandae
907 1134 1101 1178 Scripturae
1125 1146 1199 1165 mo-

67 1209 139 1228 rem
164 1194 328 1236 Origenes
353 1207 420 1226 non
447 1194 579 1226 invexit.
628 1194 754 1227 Scribit
785 1195 951 1228 Eusebius
983 1195 1039 1227 lib⁴
1066 1196 1110 1228 il.
1135 1194 1197 1227 Hi-

67 1256 301 1290 s10r.Eccles.
337 1269 408 1300 cap.
435 1256 506 1295 17.,
541 1256 648 1288 multa
679 1256 859 1288 Philonem
891 1257 932 1289 de
965 1256 1199 1301 Therapeutis,

69 1319 127 1364 qni
154 1321 291 1351 Ascetae
318 1327 411 1350 erant
435 1317 616 1350 Christiani
646 1320 836 1364 Aegyptum
869 1318 1075 1358 incolentes,
1105 1331 1200 1351 com-

67 1391 276 1413 memorare:
301 1380 360 1412 sed
384 1379 470 1411 illud
494 1379 688 1423 praecipue,
714 1388 806 1411 totos
830 1379 864 1411 in
881 1380 1104 1413 meditatione
1121 1381 1199 1413 Phi-

66 1442 245 1487 losophiae
271 1441 342 1474 dies
366 1442 541 1473 traducere
565 1439 706 1472 solitum
730 1440 832 1474 fuisse
857 1440 958 1486 ipsis,
988 1452 1022 1475 et
1042 1442 1075 1475 iu
1101 1455 1199 1487 prae-

65 1505 172 1549 ceptis
187 1503 371 1547 sapientiae
389 1502 453 1535 sibi
477 1502 607 1535 traditis
624 1502 804 1544 allegorice
820 1503 1044 1548 explicandis3
1069 1504 1197 1549 quippe

65 1566 123 1612 qui
147 1567 247 1598 verba
272 1564 499 1597 existimarent
521 1564 613 1606 signa
637 1577 707 1596 esse
732 1578 846 1597 rerum
875 1565 1082 1606 abditarum,
1112 1578 1198 1610 quae

64 1627 302 1670 allegoriarum
333 1639 399 1669 ope
430 1625 496 1657 sint
520 1627 705 1659 eruendae:
734 1636 834 1671 atque
864 1628 948 1661 hanc
979 1641 1084 1671 porro
1116 1641 1198 1660 con-

66 1689 278 1723 suetudinem
311 1688 540 1731 Therapeutas
574 1687 653 1720 illos
684 1701 702 1720 a
732 1688 916 1733 majoribus
939 1689 1126 1733 accepisse,
1161 1691 1196 1724 οἳ

66 1754 125 1793 τῆς
149 1753 317 1795 αἱρέσεως
340 1748 478 1783 τούτων
504 1748 697 1793 ἀρχηγέται
720 1747 932 1794 γενόμενοι,
956 1749 1073 1785 πολλὰ
1097 1764 1195 1795 μνη-

65 1818 150 1857 μεῖα
174 1814 234 1854 τῆς
258 1812 297 1845 ἐν
321 1814 395 1849 τοῖς
418 1810 747 1856 ἀλληγορουμένοις
769 1812 867 1850 ἰδέας
891 1811 1081 1846 ἀπέλιπον.
1118 1812 1196 1846 Hoc

66 1875 178 1918 ipsum
203 1872 322 1904 clarius
356 1872 533 1904 Philonem
567 1872 616 1904 his
642 1873 751 1905 verbis
778 1883 932 1917 repetere
956 1874 1003 1906 ait
1026 1874 1194 1919 aliquibus

66 1934 248 1980 interjectis
272 1933 453 1967 Eusebius:
486 1936 524 1967 αἱ
554 1935 593 1969 δὲ
626 1933 809 1979 ἐξηγήσεις
843 1937 916 1970 τῶν
940 1938 1049 1980 ἱερῶν
1070 1950 1195 1981 γραμ-

66 1995 193 2042 μάτων
225 1999 391 2040 γίνονται
430 1995 550 2034 αὐτοῖς
587 1996 630 2029 δι’
666 1995 852 2032 ὑπονοιῶν
881 1998 921 2033 ἐν
953 1999 1195 2044 ἀλληγορίαις.

162 2149 192 2190 Ι)
217 2148 304 2179 Vide
322 2147 564 2190 praefationem
590 2148 746 2181 Tomill.
773 2149 971 2194 ()1·ig.Opp.
998 2151 1059 2183 sub
1084 2151 1196 2191 finem,

66 2194 220 2226 articulo.
245 2196 277 2227 ὅ.
302 2194 444 2225 lzuaeus.
471 2213 511 2218 —
539 2194 606 2227 Csr.
642 2195 889 2237 prolegomena
919 2197 1018 2229 Tun..
1053 2197 1104 2229 ed.
1137 2210 1197 2229 no-

32 2266 33 2269 *
67 2251 151 2272 strue
176 2239 300 2272 XMV.
327 2239 480 2282 praelixa.
