1403 2492
375 85 684 120 Omonxmsouum
711 83 821 118 Lmen
846 83 888 119 Η.
1121 83 1183 120 181

51 178 190 212 ecclesia
217 176 355 210 coelesti
381 175 546 220 dejectum
572 175 613 207 iri
639 174 804 217 digamos,
830 173 1120 219 quemadmodum
1146 173 1181 207 in

47 248 136 273 terra
169 238 210 271 ab
243 237 472 270 ecclesiasticis
503 235 718 278 dignitatibus
749 244 912 269 arcentur.
961 235 1067 268 »Non
1101 247 1182 280 quo,

47 300 167 345 inquit,
191 299 225 332 in
249 307 421 332 aeternum
445 299 619 332 mittantur
642 297 847 337 incendium,
871 297 929 330 sed
955 308 1022 342 quo
1047 305 1179 342 partem

48 375 118 396 non
141 361 284 394 habeant
308 360 342 394 in
366 373 467 402 regno
492 359 603 393 Dei:«
639 369 671 392 et
702 358 826 393 deinde
860 371 918 392 eos
949 358 994 391 ait
1021 370 1112 391 »esse
1136 359 1178 391 de

48 423 195 458 secundo
220 423 339 465 gradu,
368 431 404 458 ,et
435 422 476 454 de
509 421 574 461 his,
607 420 664 466 qui
695 420 852 454 invocant
876 433 1002 455 nomen
1024 420 1179 461 Domini,

51 494 84 518 et
109 484 167 531 qui
191 484 358 518 salvantur
383 483 517 529 quidem
549 482 582 515 in
608 481 743 516 nomine
774 481 855 516 Jesu
883 481 1030 522 Christi,
1054 495 1178 527 nequa-

51 560 150 592 quam
173 556 284 580 tamen
309 554 512 579 coronantur
535 544 576 576 ab
603 557 683 578 e0.«

137 609 190 642 Ad
220 617 430 654 postremum
460 605 617 650 quoniam
655 607 697 641 ad
736 618 899 639 summam
932 606 1179 651 perfectionem

46 684 98 704 res
123 679 252 704 creatae
276 670 426 702 nondum
450 668 611 701 adductae.
636 677 730 709 sunt,
760 667 887 701 idcirco
919 669 1071 701 nondum
1103 670 1181 702 bea-

48 743 100 766 tos
125 733 258 777 plenam
286 731 450 776 recepisse
482 730 662 769 laetitiam,
698 743 760 763 nec
793 743 924 763 summo
957 730 1079 772 gaudio
1110 731 1178 763 frui

49 793 238 833 affirmavit,
261 806 302 826 ne
326 793 418 838 ipsos
437 792 571 837 quidem
590 792 789 837 Prophetas,
815 792 866 824 vel
884 793 1082 838 Apostolos,
1106 793 1177 825 imo

46 869 88 890 ne
114 857 223 900 ipsum
248 855 384 900 quidem
410 855 590 888 Christum.
638 855 749 887 Verba
774 854 876 899 ipsius
900 854 982 888 haec
1006 863 1082 887 sunt
1107 855 1179 887 Ho-

49 918 122 952 mil.
146 918 221 950 VII.
245 917 281 950 in
304 916 444 950 Levitic.
468 929 559 949 num.
584 916 616 951 2.
658 917 838 949 »Nondum
863 916 952 950 enim
977 926 1179 962 receperunt

48 979 209 1014 laetitiam
233 992 337 1019 suam,
361 992 401 1011 ne
427 978 586 1023 Apostoli
612 979 767 1024 quidem,
807 979 866 1012 sed
898 988 930 1012 et
967 979 1031 1024 ipsi
1065 991 1180 1023 exspe-

49 1052 157 1082 ctant,
189 1050 227 1074 ut
260 1050 293 1073 et
325 1054 386 1083 ego
418 1040 562 1074 laetitiae
589 1053 707 1073 eorum
730 1041 899 1086 particeps
924 1041 1012 1074 fiam.
1061 1043 1180 1086 Neque

49 1104 138 1138 euim
164 1104 363 1136 decedentes
388 1102 464 1135 hinc
497 1103 599 1135 sancti
632 1103 794 1136 continuo
830 1103 956 1145 integra
980 1102 1181 1136 meritorum

51 1178 188 1200 suorum
212 1165 360 1209 praemia
386 1174 651 1208 consequuntur,
684 1165 743 1197 sed
768 1173 959 1210 exspectant
983 1165 1084 1198 etiarn
1108 1178 1181 1205 nos,

48 1229 130 1261 licet
153 1236 331 1267 morantes,
356 1227 435 1259 licet
462 1226 601 1259 desides.
649 1228 726 1259 Non
754 1226 843 1259 enim
869 1235 918 1259 est
940 1226 1008 1259 illis
1033 1228 1183 1271 perfecta

53 1290 190 1330 laetitia,
216 1290 324 1323 donec
349 1301 412 1334 pro
435 1288 603 1321 erroribus
628 1288 750 1321 nostris
776 1289 904 1330 dolent,
926 1298 958 1322 et
981 1289 1097 1332 lugent
1119 1302 1181 1322 no-

50 1363 115 1388 stra
139 1361 305 1398 peccata«
355 1351 418 1385 Cui
450 1352 626 1396 probando
659 1351 765 1383 utitur
797 1352 861 1383 hoe
897 1351 1054 1395 Apostoli
1076 1351 1182 1388 Hebr,

51 1416 113 1455 XI,
137 1414 191 1450 39.
218 1414 270 1450 40.
322 1413 408 1446 »»Ηί
434 1426 549 1445 omnes
581 1412 776 1445 testimonio
808 1413 889 1444 fidei
918 1414 1074 1457 probati,
1111 1427 1181 1447 non

52 1485 255 1522 acceperunt
285 1474 598 1520 repromissionem:
635 1475 711 1507 Deo
745 1488 808 1519 pro
841 1475 939 1507 nobis
969 1476 1090 1508 melius
1122 1477 1182 1509 ali-

52 1540 134 1586 quid
157 1538 376 1584 providente,
414 1547 450 1570 ut
481 1550 548 1570 non
580 1536 649 1569 sine
681 1537 778 1569 nobis
812 1547 1179 1572 consllmmarentu1·.«‹t

51 1601 156 1636 Addit
179 1601 398 1646 postmodum
423 1609 554 1634 sanctos
578 1600 761 1643 perfectam
793 1598 968 1633 nobiscum
994 1600 1027 1634 in
1054 1600 1108 1634 die
1132 1601 1183 1648 ju-

52 1664 131 1698 dicii
154 1677 219 1697 una
248 1663 491 1696 beatitudinem
524 1672 698 1707 capturos,
734 1671 915 1707 propterea
947 1663 1040 1707 quod
1072 1673 1182 1697 totum

52 1726 150 1760 simul
177 1738 299 1770 corpus
323 1724 548 1758 suscitandum
572 1724 637 1765 sit,
660 1725 812 1758 homines
836 1725 995 1758 nimirum
1019 1725 1181 1758 universi:

53 1789 144 1833 quod
170 1800 292 1832 corpus
325 1800 401 1820 cum
435 1786 550 1820 multis
576 1796 704 1820 constet
728 1787 904 1827 membris,
926 1787 1066 1829 siugulis
1090 1789 1182 1821 vide-

55 1851 132 1884 licet
155 1848 362 1889 hominibus,
400 1850 550 1882 futurum
579 1849 708 1884 scilicet
738 1859 892 1883 truncum
918 1862 1040 1894 corpus
1065 1859 1098 1882 et
1121 1850 1182 1883 im—

53 1913 254 1957 perfectum,
277 1912 304 1945 si
331 1925 393 1957 qua
416 1912 467 1945 sui
493 1921 586 1957 parte
613 1922 738 1952 careat,
770 1925 832 1946 nec
864 1913 1013 1957 perfecta
1037 1911 1184 1956 proinde

54 1988 92 2008 ae
116 1974 215 2019 plena
237 1974 419 2007 fruiturum
442 1974 585 2015 laetitia,
623 1977 733 2020 quoad
767 1974 992 2018 integritatem
1015 1987 1110 2008 suam
1132 1988 1184 2007 re-

55 2035 190 2082 ceperit.
236 2034 282 2070 Ἐἰ
304 2046 440 2081 postea:
470 2037 595 2081 »Quod
619 2038 645 2071 si
669 2038 742 2078 tibi,
768 2038 824 2083 qui
844 2038 1032 2070 membrum
1046 2049 1091 2077 es,
1113 2050 1183 2070 non

56 2098 190 2131 videtur
214 2110 283 2131 esse
307 2099 454 2143 perfecta
478 2099 621 2141 laetitia,
658 2100 684 2133 si
722 2099 808 2133 desit
847 2099 938 2132 aliud
974 2099 1182 2132 membrum:

57 2169 180 2206 quanto
205 2160 308 2203 magis
332 2161 499 2194 Dominus
525 2171 557 2194 et
580 2161 735 2196 Salvator
765 2173 897 2203 noster,
930 2159 986 2207 qui
1018 2170 1118 2207 caput
1149 2170 1184 2193 et

57 2232 175 2256 auctor
199 2232 248 2256 est
272 2223 375 2256 totius
400 2223 570 2268 corporis,
600 2235 668 2258 non
705 2225 767 2259 sibi
797 2227 980 2271 perfectam
1007 2224 1090 2258 dicit
1114 2237 1183 2256 esso

56 2285 236 2331 laetitiam,
268 2286 375 2320 donoc
407 2287 533 2334 aliquid
568 2302 604 2322 ex
634 2289 792 2323 membris
822 2289 936 2326 deesse
962 2287 1100 2334 corpori
1125 2299 1185 2319 suo
