1403 2492
363 90 676 123 Onmnxmxoaum
701 90 814 122 Lmen
837 89 879 124 11.
1107 87 1173 121 325

38 190 157 222 nymus
182 177 315 222 epistol.
342 177 394 213 76.
426 179 466 210 ad
497 179 682 223 Tranquill.
732 181 803 212 Nec
834 177 1032 221 Bai-onim)
1065 190 1174 208 assen-

38 238 116 277 tior,
142 249 257 271 contra
283 239 424 284 Sulpitii
450 240 579 279 Severi,
605 241 764 281 Socratis,
791 251 823 273 et
848 238 1032 273 Sozomeni
1055 247 1172 270 aucto-

36 299 169 331 ritatem
195 300 315 332 falsum
349 314 418 333 esse
452 302 631 341 asserenti,
663 302 892 346 Epiphaniuin
925 302 1027 340 inter,
1053 299 1169 332 Theo-

36 360 176 404 philum,
202 371 235 393 et
261 362 542 408 Chrysostornum
575 365 615 396 de
650 364 744 396 libris
769 363 924 405 origenis
950 361 1170 407 prohibendis

35 423 95 454 hac
121 431 316 467 tempestate
343 434 464 464 actum,
493 425 545 457 vel
571 438 629 457 eos
654 425 687 457 in
709 425 933 458 Alexandrina
957 424 1086 470 synodo
1113 433 1170 455 aut

35 484 158 529 Cypria
181 485 282 517 fuisse
304 486 532 531 proscriptos;
556 500 619 519 nec
646 487 836 526 Gennadi0‚
862 487 919 531 qui
944 487 1108 520 Severum
1134 485 1166 516 in

32 546 180 588 Dialogo
204 547 320 591 priore
353 548 479 580 referre
505 548 565 581 ait:
600 562 680 581 »suo
712 559 868 593 tempore
898 548 989 592 apud
1023 548 1168 580 Alexan-

33 607 163 641 drinam
195 610 360 655 synodum
396 609 636 654 episcoporum
676 612 868 651 decretum,
910 610 1094 651 Origenem
1134 618 1167 641 et

33 669 162 703 cautius
186 684 204 703 a
228 670 435 715 sapientibus
459 685 523 715 pro
548 672 647 704 bonis
673 673 862 714 legendum,
889 681 921 703 et
945 684 963 703 a
980 671 1089 703 minus
1114 683 1166 702 ca—

31 732 170 775 pacibus
193 745 257 777 pro
283 733 379 765 malis
403 733 685 777 repudiandum«
736 734 792 766 Ait
824 733 960 777 quidem
986 731 1165 776 Sulpitius,

31 793 210 826 maximam
241 794 343 826 fuisse
376 796 561 828 monachos
595 796 682 827 inter
715 805 748 828 et
780 795 959 839 episcopos
992 802 1165 826 concerta-

30 855 158 887 tionem
186 869 246 888 »ex
276 869 313 888 ea
339 856 535 897 occasione,
575 856 654 902 quia
686 857 877 899 congregati
908 856 942 888 in
966 869 1072 889 unum
1095 868 1164 887 sae-

30 917 104 961 pius
128 918 320 950 sacerdotes
349 919 583 963 frequentibus
617 919 805 951 decrevisse
835 918 970 964 synodis
1004 918 1162 950 videban-

29 988 94 1019 tur,
118 991 160 1011 ne
186 979 260 1024 quis
287 980 444 1022 Origcnis
470 981 575 1013 libros
600 981 744 1023 legeret,
769 990 826 1013 aut
858 981 1027 1012 haberet.«
1078 979 1162 1011 Gra-

28 1040 193 1072 tissimum
218 1050 392 1085 praeterea
422 1042 486 1074 sibi
517 1043 617 1074 fuisse
649 1051 815 1075 asseverat
846 1041 1036 1074 Anastasius
1067 1040 1159 1084 Papa

27 1103 60 1135 in
86 1116 139 1148 ep.
165 1104 205 1135 ad
230 1104 399 1136 Joannem
422 1104 788 1150 Hierosolymitanum,
821 1104 913 1148 quod
938 1103 978 1135 ab
1004 1101 1159 1142 Origenis

28 1165 174 1199 lectione
214 1165 423 1198 Christianos
462 1175 666 1198 revocarunt
700 1165 865 1197 Arcadius
904 1173 936 1195 et
975 1161 1157 1195 Honorius.

24 1227 76 1259 Eo
103 1239 238 1271 quoque
262 1227 423 1259 inclinare
443 1227 575 1260 videtur
592 1227 788 1259 Vincentius
808 1225 987 1258 Lirinensis
1014 1238 1084 1268 cap.
1102 1222 1156 1258 ¹23.

25 1298 130 1321 contr.
155 1288 310 1328 Baetes„
341 1298 378 1321 ut
409 1290 450 1321 ab
476 1303 535 1321 usu
561 1289 828 1322 Christianorum
859 1287 937 1319 libri
967 1286 1022 1319 isti
1046 1297 1157 1318 remo-

25 1360 172 1383 veantur.
219 1350 378 1395 Denique
402 1351 608 1383 Justinianus
634 1350 666 1382 in
693 1362 744 1392 ep.
772 1349 940 1394 encyclica
965 1349 1006 1381 ad
1020 1349 1155 1380 Menam

25 1421 57 1443 et
82 1411 166 1444 alios
198 1411 396 1456 episcopos,
431 1425 555 1456 cupere
586 1425 620 1444 se
653 1411 768 1444 scribit
799 1424 915 1442 omnes
949 1409 1155 1443 Christianos

25 1486 226 1515 cognoscere
250 1473 374 1518 scripta
400 1474 554 1515 Origenis
579 1487 716 1518 prorsus
740 1487 758 1505 a
784 1472 970 1506 Christiana
994 1472 1061 1504 side
1085 1484 1154 1503 esse

23 1535 141 1574 aliena,
165 1547 202 1567 ac
225 1536 359 1579 penitus
383 1535 609 1580 explodenda.

112 1596 179 1630 Sed
205 1606 322 1629 contra
344 1610 408 1641 pro
431 1597 524 1629 libris
552 1597 741 1630 Adamantii
765 1606 929 1630 steterunt
952 1595 1153 1629 Theotimus

22 1657 235 1697 Tomitanus,
260 1667 293 1690 et
316 1658 464 1691 Joannt·s
491 1659 768 1705 Chrysostomus,
801 1659 925 1702 aliique
958 1657 1151 1701 complures

23 1719 185 1763 episcopi,
211 1728 244 1751 et
258 1720 491 1763 καθαιρεϊικιὶ
507 1721 564 1752 illa
585 1720 866 1762 Origenianorum
886 1732 1039 1763 operum,
1066 1731 1150 1762 quae

23 1780 344 1825 Constantinopolin
369 1781 538 1815 invexerat
562 1783 784 1827 Epiphanius,
818 1781 1067 1825 subscriptione
1091 1793 1150 1812 sua

22 1843 74 1874 vel
99 1855 230 1874 assensu
256 1843 454 1876 confirmare
479 1854 671 1878 renuerunt.
718 1845 769 1877 Ea
801 1843 899 1877 etiam
926 1843 1100 1881 videntur,
1124 1841 1151 1873 si

22 1917 91 1937 non
122 1904 233 1948 palam
264 1906 486 1949 approbasse,
519 1915 551 1938 at
584 1916 673 1939 certe
708 1919 777 1939 non
811 1905 944 1950 penitus
974 1903 1151 1948 respuisse,

22 1965 212 2011 quicunque
222 1978 295 1998 suas
310 1979 348 1997 ex
363 1966 402 1998 iis
412 1967 608 2011 Scripturae
621 1981 732 2000 sacrae
747 1967 1040 2012 interpretationes
1049 1975 1152 1997 trans-

21 2028 180 2065 tulerunt.
205 2039 290 2071 quos
313 2027 347 2059 in
365 2028 666 2061 Observationibus
681 2042 742 2074 pro
760 2037 914 2074 tempore
930 2028 1148 2061 laudavimus.

19 2089 62 2121 Et
80 2087 232 2132 quamvis
247 2088 408 2121 ecclesiae
434 2090 577 2125 decretis
601 2090 784 2135 aliquando
809 2090 911 2123 vetita
925 2099 1011 2123 esset
1031 2102 1148 2122 eorum

22 2149 141 2189 lectio,
176 2149 227 2182 his
257 2159 370 2183 tamen
402 2152 588 2185 contrarius
617 2166 696 2185 usus
721 2153 896 2196 derogasse
921 2152 1102 2185 diceretur.

116 2260 147 2304 ¹)
173 2260 243 2294 Csr.
269 2261 390 2294 Baron.
417 2264 503 2296 Ann.
529 2263 605 2300 402.
631 2277 702 2309 cap.
732 2264 781 2299 15.
