1403 2492
152 76 218 112 126
484 75 598 108 Pssrm
623 73 799 108 omnus
823 73 957 106 Hmrrn

419 233 787 291 QUAESTto
825 233 1029 280 NONA.

301 345 367 378 DE
391 343 787 378 RESURRECTIONE
814 340 1140 377 MORTUORUM.

150 439 175 472 l.
200 438 314 471 Status
340 435 542 480 quaestionis
557 433 773 479 proponitur.
822 433 863 466 ll.
889 432 1056 466 Doctrina
1071 431 1230 474 Origenis
1250 432 1292 464 de

150 498 397 532 resurrectione
424 497 630 529 enucleatur.
678 495 736 528 Ill.
762 495 887 527 Utrum
919 494 1205 539 resurrectionem
1236 494 1294 526 ab·

150 561 262 594 solute
286 559 470 593 sustulerit.
518 559 576 592 lV.
603 558 678 592 Hoc
711 557 851 590 crimine
883 553 1056 602 purgatur.
1103 557 1144 590 V.
1169 556 1292 589 Utrum

152 623 306 668 corporis
343 621 625 654 resurrectionem
664 619 855 661 admiserit,
893 620 1000 652 carnis
1035 618 1204 651 inficiatus
1239 617 1293 651 sit.

150 686 208 719 Vl.
234 687 272 718 In
298 698 340 717 eo
366 684 466 716 etiam
491 683 649 722 haesitat,
681 692 712 714 et
743 681 929 714 multorum
962 690 1135 726 praeterea
1159 693 1294 713 assensu

149 748 281 791 gaudet,
332 747 403 779 Vll.
429 746 550 778 Utrum
578 754 609 777 et
627 745 802 789 quomodo
821 757 967 788 corpora
990 743 1022 776 in
1047 742 1295 775 resurrectione

149 819 317 842 mutatum
344 808 385 840 iri
410 807 662 840 existimaverit.
709 807 801 839 Vlll.
828 806 893 838 Hic
919 819 1056 851 quoque
1071 806 1209 838 Patrum
1232 803 1295 836 ali-

151 881 236 917 quot
260 870 481 904 consensione
506 883 540 902 se
571 878 694 901 tuetur.
741 869 803 902 IX.
832 870 884 901 An
917 881 1061 913 corpora
1085 867 1119 900 in
1147 879 1295 899 resurre-

151 934 264 967 ctione
295 932 467 978 sphaerica
501 932 612 964 futura
650 931 885 964 autumav'erit.
940 932 984 964 X.
1014 931 1138 964 Utrum
1169 929 1294 974 impios

151 995 371 1029 affirmaverit
406 994 603 1038 neutiquam
639 993 672 1025 in
710 995 812 1025 vitam
847 993 1028 1025 redituros.
1091 992 1152 1027 XI.
1192 991 1293 1024 Unde

149 1072 243 1091 suam
269 1058 310 1090 de
335 1055 583 1089 resurrectione
609 1055 797 1087 doctrinam
823 1055 980 1095 hauserit,
1005 1054 1165 1099 aperitur.
1211 1053 1292 1086 ΧΠ.

150 1119 323 1154 Nonnulla
355 1119 397 1150 ad
433 1117 503 1163 ejus
541 1117 789 1150 excusationem
823 1127 957 1161 praeter
986 1116 1163 1161 superiora
1195 1115 1295 1148 colli-

150 1191 283 1225 guntur.
330 1180 425 1214 XIII.
453 1179 532 1223 Quo
564 1193 662 1212 sensu
695 1178 815 1211 dixerit
847 1188 1066 1223 peccatorum
1095 1191 1228 1211 causam
1253 1178 1295 1210 ad

542 1263 544 1267 -
581 1254 704 1285 corpus
732 1241 861 1274 referri.

243 1353 269 1385 Ῑ.
317 1351 542 1384 Transeamus
573 1349 650 1381 hinc
680 1349 722 1380 ad
759 1348 1018 1381 famosissimam
1061 1349 1102 1380 de
1146 1360 1295 1379 resurre-

153 1414 265 1447 ctione
297 1411 403 1445 carnis
437 1420 468 1443 et
501 1411 654 1455 corporis
687 1411 929 1454 quaestionem.
994 1410 1089 1442 Licet
1121 1409 1211 1441 enim
1241 1409 1292 1441 uti

152 1475 263 1508 verbis
297 1472 518 1517 Hieronymi,
561 1472 656 1517 epist.
682 1473 736 1507 b'l.
768 1473 810 1504 ad
842 1472 1034 1504 Pammacli-
1068 1485 1139 1516 cap.
1165 1472 1194 1505 7.
1227 1472 1292 1503 hoc

151 1546 385 1580 argumentum
416 1535 574 1566 adversus
607 1534 789 1576 Origenem
821 1534 1064 1579 persequentis,
1126 1533 1294 1567 Cohaeret

152 1610 264 1633 autem
289 1599 346 1631 illa
381 1610 517 1642 quoque
551 1609 626 1628 cum
653 1596 908 1641 ,superioribu53
937 1609 1014 1628 nam
1044 1604 1132 1628 statu
1168 1595 1294 1627 auima-

150 1676 225 1695 1*um
251 1670 326 1693 ante
352 1660 435 1692 lianc
470 1658 572 1690 vitam
605 1658 788 1703 exquisito,
825 1659 974 1703 ipsarum
1009 1670 1145 1703 quoque
1180 1658 1292 1690 sutura

149 1734 228 1770 post
252 1723 338 1755 lianc
365 1721 467 1753 vitam
493 1734 566 1753 sors
592 1721 796 1765 exploranda
817 1731 886 1756 est:
913 1721 1075 1753 nimirum
1098 1720 1231 1752 solusne
1255 1733 1293 1752 ac

150 1786 334 1824 solitarias,
365 1797 407 1816 an
442 1783 636 1828 conjunctas
663 1784 882 1828 corporibus,
915 1784 1036 1828 quibus
1062 1783 1294 1822 convixerunt,

148 1858 362 1894 postremum
387 1846 552 1879 subituras
577 1845 752 1891 judicium,
777 1846 964 1890 iisdemque
988 1845 1148 1889 deinceps
1173 1845 1294 1876 adline-

151 1924 244 1944 suras
276 1908 510 1941 autur-noverit.
557 1911 606 1940 Ac
638 1921 793 1949 magnum
825 1908 983 1951 profecto
1018 1908 1218 1939 haberemus
1249 1907 1291 1938 ad

153 1971 358 2018 quaestionis
384 1970 476 2002 illius
502 1969 734 2002 tractationem
762 1970 1020 2014 compendium,
1053 1969 1078 2001 si
1111 1969 1208 2014 liujus
1240 1981 1291 2001 ar-

150 2034 299 2077 gumenti
325 2042 358 2065 et
383 2032 473 2065 tituli
499 2032 593 2064 libris
617 2033 658 2063 ab
684 2045 724 2063 eo
750 2031 949 2075 conscriptis
973 2031 1138 2075 temporis
1163 2031 1292 2063 diutur-

151 2097 237 2129 nitas
261 2096 485 2139 pepei'cisset,
525 2104 558 2126 et
590 2107 810 2138 quaecunque
842 2094 874 2126 in
908 2094 947 2126 iis
973 2093 1054 2125 olitu
1079 2094 1215 2125 suerunt
1239 2105 1291 2124 re-

150 2158 331 2204 prehensa,
375 2158 535 2188 Veterum
569 2166 787 2188 monumenta
821 2169 900 2200 prae
931 2168 965 2187 se
999 2156 1142 2187 ferrent:
1183 2155 1224 2186 de
1255 2167 1290 2186 se

153 2220 279 2265 quippe
307 2219 375 2263 ipse
401 2227 511 2250 narrat
537 2218 610 2250 libr.
631 2219 690 2251 llI.
717 2218 951 2262 7159).‹'c92(a]1¹,
977 2230 1046 2260 cap.
1066 2218 1114 2250 lO.
1140 2216 1289 2255 num.1.‚

150 2280 329 2326 publicatis
353 2279 420 2313 suis
448 2280 488 2312 de
514 2280 759 2314 resurrectione
785 2279 1086 2318 lucubrationibus,
1115 2295 1129 2309 »
1141 2279 1292 2310 offensos
