1403 2492
184 86 253 122 306
507 86 624 120 Pam
646 86 822 122 Dimittis
847 88 980 122 Hunni

188 177 392 223 terpolando
418 185 453 210 et
476 178 715 222 recoquendo,
745 187 783 211 ut
807 178 996 221 intelligere
1021 179 1161 219 debeat,
1186 179 1327 224 quicun-

187 252 253 284 que
279 251 477 271 conversum
503 252 520 272 a
546 240 670 272 Rufino
704 239 906 284 scriptorem
939 241 1086 285 aliquem
1120 241 1226 283 leget,
1256 254 1325 274 non

186 311 255 334 tam
280 315 315 334 se
339 300 487 333 auctoris
517 300 640 346 ipsius,
680 315 780 346 quam
812 302 927 335 Rufini
956 303 1138 336 sententias
1169 311 1202 335 et
1226 304 1326 336 verba

187 363 308 405 legere.
356 363 409 395 Eo
436 375 516 394 vero
542 362 640 395 latius
665 372 758 407 patet
783 363 817 396 id
844 364 974 404 vitium,
1001 365 1094 410 quod
1119 365 1230 409 ipsum
1248 364 1328 398 Ori-

185 425 346 467 genianae
371 424 546 457 doctrinae
571 426 724 465 sontem,
756 425 862 458 libros
888 429 971 470 περὶ
996 426 1130 472 ἀρχῶν,
1156 440 1242 459 unus
1267 427 1325 459 ille

184 488 227 520 ad
251 500 313 520 nos
339 485 517 526 derivarit,
541 496 575 519 et
598 487 666 519 suis
690 486 829 531 quidem
853 488 1011 521 sordibus
1035 489 1245 534 inquinatos3
1270 502 1326 522 cu-

185 549 235 595 jus
275 558 396 581 testem
429 548 571 580 citamus
605 549 769 582 Rufinum
805 550 915 594 ipsum
953 550 987 584 in
1021 550 1194 593 Prologo,
1234 560 1267 583 et
1292 551 1325 583 in

185 610 402 645 praefatione
425 609 504 642 libri
532 611 591 642 [ΙΙ.
640 611 749 643 Nemo
770 620 882 644 autem
897 612 1082 657 superioris
1101 612 1231 657 Capitis
1256 612 1324 645 dis-

185 672 406 706 sertationum
428 672 533 704 sidem
566 671 642 704 hinc
673 673 798 706 elevari
829 687 929 719 posse
959 684 1067 719 putet.
1116 675 1203 709 Cum
1230 675 1319 708 enim

184 748 302 778 magna
334 734 608 768 criminationum
644 748 738 779 pars,
772 749 852 781 quas
885 736 1040 778 Origenis
1073 746 1326 782 oppugnatores

185 797 329 843 jactant,
367 796 447 828 inde
479 796 585 840 petita
615 796 676 829 sit:
709 796 791 842 quid
823 798 933 842 aptius
957 811 1057 843 quam
1084 799 1324 844 responsiones

184 859 337 893 indidem
362 859 577 903 depromere,
601 859 691 891 unde
717 859 970 892 criminationes
994 860 1121 905 petitae
1145 861 1248 895 sunt?
1286 861 1324 895 Si

187 922 262 968 quis
287 934 365 963 ergo
399 933 417 953 e
454 929 617 965 corrupto
651 921 739 953 libro
773 922 921 967 prolatas
954 922 1170 956 defensiones
1196 936 1325 956 causse-

185 995 252 1025 tur,
277 984 374 1017 cadat
398 981 651 1015 accusationum
677 995 715 1015 ex
741 984 864 1016 eodem
888 984 1126 1018 accersitarum
1158 985 1243 1018 fides
1266 998 1324 1018 nc-

185 1059 275 1080 cesse
301 1054 359 1078 est.
408 1043 514 1088 Quod
538 1043 567 1076 si
590 1057 688 1077 suum
714 1045 764 1078 his
789 1054 940 1078 servetur
963 1047 1088 1087 robur,
1119 1047 1220 1080 stabit
1249 1047 1323 1081 illa·

182 1121 259 1141 rum
283 1118 423 1152 quoque
447 1105 638 1138 auctoritas.

273 1169 335 1203 VI.
385 1168 536 1202 Multum
562 1168 663 1201 etiam
688 1169 729 1200 ad
755 1169 988 1202 defensionem
1007 1169 1164 1212 Origenis
1189 1172 1322 1204 confert

183 1233 324 1266 Patrum
349 1230 497 1263 aliorum
521 1230 734 1274 exemplum,
764 1231 885 1275 quibus
910 1244 1040 1265 errores
1063 1232 1169 1277 aliqui
1193 1233 1325 1265 excide-

185 1303 264 1327 runt
292 1283 502 1332 humanitus,
542 1291 693 1336 quamvis
727 1293 951 1326 orthodoxam
984 1293 1019 1326 in
1049 1294 1124 1328 aliis
1154 1295 1324 1329 tenuerint

183 1357 299 1397 fidem,
324 1365 358 1388 et
380 1355 469 1387 inter
494 1354 705 1387 orthodoxos
727 1355 832 1399 positi
855 1354 931 1388 sint.
978 1356 1066 1389 Nam
1089 1365 1127 1389 ut
1142 1356 1228 1389 alios
1248 1358 1324 1390 bre-

183 1418 294 1452 vitatis
326 1430 439 1450 caussa
469 1416 757 1461 praetermittam,
799 1426 884 1461 quot
920 1429 1096 1450 recensere
1127 1432 1319 1463 possumus,

182 1481 278 1515 nulla
300 1481 477 1512 haereseos
503 1478 695 1522 suspicione
721 1479 917 1523 adspersos,
951 1488 984 1512 et
1016 1481 1058 1512 de
1083 1479 1249 1512 Trinitate
1274 1489 1322 1512 ta-

183 1556 262 1576 men
286 1541 369 1574 falsa
392 1550 426 1574 et
449 1541 592 1573 absurda
617 1539 853 1573 commentos?
885 1540 1031 1573 Venient
1055 1539 1089 1572 in
1115 1541 1204 1573 hunc
1229 1542 1321 1574 ordi-

182 1619 261 1639 nem
269 1603 420 1638 Justinus
436 1602 576 1647 Martyr,
592 1601 832 1644 Athenagoras,
848 1601 1062 1646 Theophilus
1074 1601 1318 1643 Antiochenus,

182 1668 340 1702 Clemens
362 1665 554 1703 Romanus,
580 1663 765 1706 Gregorius
790 1664 1079 1705 Thaumaturgus,
1110 1664 1318 1706 methodius,

181 1729 367 1770 Lucianus,
415 1735 449 1759 et
486 1725 644 1767 Origenis
682 1725 865 1770 praecipue
905 1724 1092 1770 discipulus
1131 1725 1317 1772 Dionysius

181 1790 445 1829 Alexandrinus,
477 1801 587 1833 quem·
608 1787 738 1820 idcirco
772 1790 1028 1820 Anomoeorum
1059 1797 1234 1832 parentem
1259 1802 1318 1835 ap-

178 1854 287 1899 pellat
312 1851 458 1885 Basilius
482 1849 578 1895 epist.
604 1849 672 1890 41„
696 1859 729 1882 et
753 1849 934 1882 Arianismi
958 1850 1090 1882 fontem
1115 1850 1316 1885 Gennadius

180 1916 256 1949 libr.
283 1915 325 1948 ll.
349 1915 391 1946 de
417 1913 565 1954 dogmat.
591 1925 663 1956 cap.
689 1912 741 1952 2.,
773 1925 849 1944 cum
882 1924 959 1944 eum
984 1920 1096 1944 tamen
1121 1913 1163 1945 ab
1187 1913 1239 1945 his
1263 1926 1316 1946 ac-

179 1976 408 2011 cusationibus
433 1975 583 2008 vindicet
613 1973 833 2013 Athanasius,
874 1982 907 2005 et
937 1983 1073 2017 praeter
1097 1974 1316 2008 Athanasium

177 2039 417 2084 Hieronymus,
443 2036 501 2082 qui
526 2049 603 2069 eum
629 2035 682 2068 »in
708 2036 874 2068 Trinitate
901 2035 1116 2068 Catholicum
1143 2049 1234 2070 esse«
1267 2047 1317 2071 te-

176 2110 282 2134 statur
318 2100 465 2144 Apolog.
500 2099 574 2132 libr.
601 2098 646 2131 Il.
680 2111 752 2142 cap.
777 2098 808 2132 4.
858 2096 971 2140 Quam
1008 2097 1135 2129 multos
1168 2098 1316 2141 integrae

175 2172 209 2196 et
232 2175 329 2195 sanae
354 2161 435 2193 fidei
459 2160 550 2192 viros
575 2159 652 2192 tulit
678 2159 831 2198 ccclesia,
855 2159 1030 2192 calumniis
1055 2159 1254 2203 proscissus,
1280 2171 1313 2194 et

173 2222 368 2267 ignominiis
392 2221 550 2255 notatos?
573 2221 687 2254 Unum
715 2222 860 2254 laudabo
886 2233 966 2266 prae
990 2219 1131 2265 reliquis
1146 2222 1312 2255 Joannem

177 2286 477 2333 chrysostomum,
507 2284 561 2317 vel
594 2284 679 2317 hanc
709 2283 924 2329 potissimum
957 2284 1003 2316 ob
1033 2296 1186 2325 causam,
1217 2286 1310 2329 quod

281 2421 294 2429 ο
