1403 2492
163 97 232 132 252
498 96 611 130 Pmm
636 95 808 130 Damnus
834 95 966 130 Hom-n

163 187 287 220 deinde
311 187 448 219 additu«
479 186 564 219 nnEt
581 187 611 231 ¹)
637 186 716 219 fecit
740 187 834 219 Deus
857 185 1041 226 hominem,
1065 185 1107 219 ad
1122 185 1190 219 Dei
1214 186 1295 219 ima-

161 249 272 291 ginem
298 249 379 300 fecit
403 261 500 288 eum,
523 249 710 281 masculum
735 258 768 281 et
794 248 952 281 seminam
977 248 1058 281 fecit
1082 260 1158 288 eos,
1182 256 1216 280 et
1237 248 1296 280 be-

161 310 292 343 nedixit
314 309 407 342 iis.««
459 310 557 343 »Hoc
582 323 660 352 ergo
687 311 785 360 quod.
804 310 930 343 dixin«
960 310 1043 343 »mad
1058 310 1092 355 ²)
1116 309 1297 352 imaginem

160 372 230 404 Dei
260 371 343 404 fecit
375 385 518 405 eurum«
557 382 610 405 »ct
642 373 683 405 de
716 371 937 404 similitudine
967 371 1078 412 siluit,
1108 384 1176 404 non
1203 370 1298 404 aliud

160 434 298 473 indicat,
323 433 386 466 nisi
411 435 502 478 quod
528 433 678 475 imaginis
704 432 899 475 dignitatem
924 432 957 465 in
971 431 1080 478 prima
1099 432 1298 466 conditione

160 495 420 541 perceperit33)
450 495 680 529 similitudInis
711 507 791 527 vero
824 493 991 539 perfectio
1013 494 1056 547 ‘in
1087 508 1299 528 consumma-

160 557 254 589 tione
279 567 409 590 servata
433 568 500 590 est:
525 557 655 590 scilicet
679 565 717 588 ut
741 556 814 601 ipse
837 556 901 590 sibi
927 569 1000 588 eam
1016 556 1177 601 propriae
1200 557 1298 590 indu-

159 619 262 652 striae
285 619 405 652 studiis
431 633 468 653 ex
494 620 561 652 Dei
591 617 780 651 imitatione
804 616 1044 658 conscisceret,
1068 631 1146 651 cum
1158 619 1192 664 4)
1219 631 1298 664 pos-

156 681 318 714 sibilitate
360 681 425 714 sibi
466 681 687 726 perfectionis
725 679 884 713 divinitus
924 681 1018 721 data,
1053 693 1116 725 per
1145 679 1299 723 imaginis

161 743 371 785 dignitatem,
396 743 430 776 in
455 743 521 776 fine
546 744 683 776 demum
716 755 779 787 per
802 755 944 787 operum
970 741 1197 787 expletionem
1221 755 1299 787 per-

158 805 282 837 fectam
307 805 370 837 sibi
397 805 469 850 ipse
494 804 753 837 similitudinem
778 813 1073 837 consummarem«
1110 813 1143 837 et
1167 804 1254 837 illud
1279 817 1298 837 e

154 867 233 900 libr.
258 867 317 900 IV.
350 867 384 899 in
418 867 515 912 epist.
546 867 589 899 ad
613 867 713 900 Rom.
738 863 831 898 num.
855 866 907 899 5.:
957 866 1017 899 »ln
1047 865 1150 899 initiis
1181 867 1298 907 homo,

161 942 237 962 curn
263 928 480 973 propositum
505 928 634 968 suisset,
659 937 695 960 ut
719 928 760 960 ad
787 927 964 970 imaginem
991 937 1024 961 et
1039 928 1298 961 similitudinem

160 989 229 1023 Dei
254 991 361 1031 fieret,
386 991 426 1023 ad
453 990 634 1032 imaginem
659 988 796 1034 quidem
816 990 922 1023 factus
949 999 1009 1030 est,
1033 990 1224 1023 similitudo
1241 1003 1300 1023 au-

159 1062 230 1085 tem
256 1052 360 1085 dilata
385 1061 452 1091 est,
486 1053 532 1084 ob
557 1052 640 1092 hoc,
673 1060 712 1083 ut
737 1051 830 1096 prius
856 1052 1042 1085 consideret
1066 1052 1147 1095 in⁵)
1172 1053 1299 1093 Deum,

164 1124 197 1147 et
222 1114 268 1146 ita
291 1114 390 1146 fieret
413 1113 532 1146 similis
558 1113 600 1153 ei,
625 1122 659 1145 et
683 1112 755 1157 ipse
781 1113 922 1153 audiret,
948 1113 1027 1158 quia
1043 1113 1161 1146 similis
1186 1114 1217 1146 ei
1240 1114 1300 1147 fiet

169 1175 279 1208 omnis
304 1175 362 1220 qui
389 1175 530 1208 confidit
551 1174 586 1207 in
597 1175 630 1219 ⁶)
656 1187 766 1207 eum.«
814 1175 910 1207 Hanc
943 1174 1094 1217 imaginis
1125 1184 1159 1208 et
1182 1175 1302 1209 simili-

164 1237 290 1270 tudinis
315 1237 565 1270 distinctionem
591 1236 724 1270 videtur
747 1235 979 1281 perstrinxisse
991 1237 1199 1278 Methodius,
1224 1251 1301 1272 cum

165 1299 299 1345 scripsit
314 1299 359 1332 ‘in
385 1299 472 1332 libro
499 1296 541 1332 de
565 1298 840 1340 Resurrectione‚
866 1299 981 1331 datum
1005 1298 1107 1333 fuisse
1130 1299 1260 1333 homini
1283 1314 1301 1334 a

166 1362 246 1394 Deo
271 1360 310 1396 τὸ
335 1362 507 1405 θεοεοὸὲς,
532 1364 593 1395 καὶ
617 1362 836 1403 θεοείκελον,
862 1363 923 1394 καὶ
946 1359 1069 1396 πάντα
1092 1361 1184 1409 πρὸς
1206 1363 1302 1398 ἐκεί-

168 1436 235 1467 νην
258 1423 566 1468 ἅπηκριβωμένην
593 1422 658 1466 τὴν
681 1421 923 1467 πρωιόιυηον
954 1425 1017 1457 τοῦ
1048 1422 1202 1468 πατρὸς,
1239 1425 1303 1458 καὶ

166 1487 395 1531 μονογενοῦς
428 1483 560 1520 εἰκόνα.
621 1484 853 1528 Reprehendit
885 1484 920 1517 id
954 1497 1091 1529 quoque
1126 1485 1303 1518 Jansenius

168 1548 269 1580 Tom.
297 1548 322 1580 I.
347 1547 403 1579 lib.
431 1546 475 1578 ll.
501 1559 573 1589 cap.
599 1545 642 1584 7.,
668 1545 761 1589 quasi
786 1558 847 1589 per
871 1544 1051 1587 imaginem
1076 1546 1143 1578 Dei
1168 1547 1301 1579 Adamo

167 1609 383 1654 impressam,
413 1607 545 1640 animae
575 1607 687 1639 solum
721 1606 975 1651 inspirationem
999 1606 1109 1639 notari
1133 1607 1302 1651 putaverit

168 1671 352 1713 Origenes;
374 1683 437 1714 per
460 1655 719 1702 similitudinem
745 1682 842 1710 vero,
867 1667 1044 1701 habitualis
1067 1669 1192 1710 gratiae
1215 1669 1304 1702 insu-

168 1733 310 1772 sionem,
336 1733 486 1777 (scholae.
511 1732 612 1763 verba
638 1730 872 1775 usurpamu53)
897 1743 935 1763 ac
960 1730 1105 1774 proinde
1120 1731 1303 1773 Origenem

169 1795 260 1827 nulla
285 1795 409 1836 gratiae
436 1793 534 1838 liujus
560 1792 738 1837 habitualis
763 1784 843 1825 dote
868 1792 1067 1824 instructum
1085 1792 1118 1825 in
1132 1793 1302 1826 creatione

170 1857 351 1890 credidisse
374 1857 556 1895 Adamum,
580 1865 679 1900 atque
707 1867 779 1888 eam
804 1856 845 1887 ab
870 1854 999 1887 actibus
1033 1863 1140 1887 totam
1163 1868 1303 1900 suspen-

265 2020 298 2062 ¹)
325 2018 446 2051 Genes.
474 2019 499 2058 Ῐ,
523 2018 576 2052 27.

265 2076 300 2118 ²)
327 2075 439 2107 Genes
477 2075 502 2114 l,
527 2075 579 2108 27.
675 2074 709 2118 ³)
734 2073 799 2109 Ed.
822 2072 946 2105 linaei:
972 2071 1134 2116 percepit.

267 2131 301 2175 4)
327 2131 414 2163 Edd.
442 2130 573 2163 Iluetii:
603 2143 698 2161 »cum
724 2128 982 2173 possibilitatem
1007 2128 1071 2161 sibi
1086 2127 1304 2173 perfectionis

175 2175 332 2208 divinitus
359 2177 468 2208 (latam
494 2189 554 2219 per
579 2174 748 2215 imaginis«
777 2184 838 2206 etc.

269 2233 300 2275 5)
327 2233 411 2263 Edd.
439 2231 570 2263 Huetii:
598 2231 629 2262 in
657 2231 742 2263 Deo.

267 2289 299 2328 ⁶)
326 2289 412 2321 Edd.
440 2287 572 2321 [Iuctiiz
599 2288 630 2320 iu
657 2302 706 2319 eo.
