1403 2492
344 63 657 96 Omcnmmonum
681 62 794 95 Linea
820 63 864 94 ΙΙ.
1103 61 1169 97 319

37 151 187 197 positum
212 153 253 185 ab
277 152 392 185 amicis
418 151 572 194 Origenis
605 161 637 184 et
666 152 888 184 sectatoribus
911 150 1036 182 librum
1060 151 1169 194 suspi-

39 224 149 253 catur,
185 226 293 258 eoque
326 214 455 245 facilius
486 212 732 256 compositum,
774 213 888 256 quod,
929 213 1029 245 nullis
1054 213 1126 245 aliis
1151 227 1168 245 a

39 275 220 321 Pamphilo
246 274 344 307 editis
368 274 624 317 scriptionibus,
657 287 694 306 ex
727 287 841 306 earum
867 273 1026 306 conflictu
1052 288 1166 306 verum

39 336 244 383 deprehendi
259 349 326 369 non
343 345 467 380 posset,
494 336 652 380 additque
672 337 702 380 ¹)
727 335 982 380 supposititium
999 336 1063 367 hoc
1082 349 1167 380 opus

39 401 80 433 ad
105 400 198 432 mille
225 410 337 430 versus
363 410 379 429 e
404 397 574 442 principio
601 396 677 429 libri
701 397 784 429 sexti
808 397 1016 430 Eusebianae
1036 398 1167 442 Apolo-

38 462 109 504 giae
135 460 318 493 continere.
372 459 551 504 Subiungit
579 459 800 503 postmodum
832 459 1047 503 Pamphilum
1082 459 1169 491 inter

39 534 71 557 et
96 522 280 557 Eusebium
298 534 448 562 magnam
464 520 563 552 fuisse
577 519 765 552 animorum
785 521 1021 553 concordiam:
1050 521 1167 564 »Quo-

38 576 144 618 modo
169 584 280 626 igitur,
304 583 424 627 inquit,
448 583 537 614 inter
559 595 593 614 se
619 582 793 614 dissentire
818 592 1014 626 potuerunt,
1038 593 1076 615 ut
1099 584 1167 615 Eu-

36 648 146 681 sebius
174 647 207 679 in
234 655 308 678 toto
335 657 438 689 opere
462 656 523 676 suo
545 644 726 686 Origencm
742 644 853 677 Ariani
881 646 1007 688 probet
1031 646 1169 686 dogma-

36 710 89 748 tis,
114 719 147 741 et
172 707 368 752 Pamphilus
392 706 557 738 Nicaenae
583 707 719 752 synodi,
753 718 837 750 quae
862 706 927 737 fuit
949 716 1085 750 postea,
1109 708 1168 739 de-

37 769 254 804 sensorem?«
302 769 401 801 Unde
427 768 600 800 concludit
634 768 686 799 vel
709 767 850 813 Didymi
876 780 945 800 esse
968 768 1056 800 illud
1082 782 1167 812 opu-

36 833 184 871 sculum,
219 831 271 863 vel
301 831 439 862 alterius
475 828 673 874 cujuslibet,
712 829 769 873 qui
802 829 885 861 sexti
915 829 1055 862 Eusebii
1088 830 1166 862 libri

38 895 167 939 »capite
191 893 389 924 detruncato
415 901 525 923 cetera
550 892 700 923 membra
724 890 905 923 sociaritm
932 891 997 923 hoc
1022 900 1081 930 est,
1109 891 1166 935 qui

36 955 115 989 libri
139 954 223 988 sexti
247 953 381 986 initium
405 953 439 985 in
464 952 614 997 priorem
640 952 827 985 inseruerit.
876 953 961 985 Nam
995 953 1084 985 libro
1109 954 1165 986 ΙΙΙ.

37 1018 172 1062 Apolog
196 1017 325 1048 advers.
350 1016 461 1048 Rufin.
487 1028 558 1059 cap.
576 1016 607 1052 4,
632 1015 712 1047 haec
738 1015 854 1046 habet:
882 1015 940 1046 »ln
959 1014 1166 1047 Caesariensi

37 1079 251 1112 Bibliotheca
275 1076 414 1108 Eusebii
438 1090 493 1108 sex
518 1077 689 1108 volumina
715 1075 826 1120 reperi
853 1075 1165 1121 ἀπολογίας-Ὠρι-

34 1145 178 1187 γένοινςῖ
205 1152 289 1184 quae
315 1152 391 1170 cum
417 1138 587 1180 legissem,
612 1138 759 1182 primum
785 1150 861 1169 eum
894 1137 1020 1169 librum
1046 1139 1166 1183 depre-

35 1202 154 1241 hendi,
186 1214 286 1245 quem
312 1209 348 1232 tu
382 1200 474 1232 solus
498 1201 559 1232 sub
583 1199 722 1231 nomine
748 1199 911 1243 Martyris
937 1199 1091 1239 edidisti,
1122 1201 1164 1231 de

33 1264 125 1297 Filio
150 1272 184 1295 et
209 1262 339 1307 Spiritu
363 1272 479 1294 sancto
511 1255 561 1293 in>
578 1262 701 1293 bonam
733 1271 864 1305 partem
897 1261 1069 1305 plerisque
1095 1262 1166 1294 bla-

32 1325 193 1371 sphemiis
218 1324 451 1364 commutatis3
483 1333 515 1356 et
546 1324 610 1356 hoc
635 1324 689 1356 vel
713 1324 917 1370 Didymum,
950 1323 1003 1355 vel
1028 1333 1080 1363 te,
1113 1324 1166 1356 vel

32 1388 136 1420 alium
162 1385 279 1418 fecisse
311 1385 424 1416 nescio
451 1398 570 1429 quem,
602 1386 695 1429 quod
721 1394 756 1417 tu
780 1384 987 1429 apertissime
1012 1384 1044 1416 in
1071 1385 1165 1417 libris

32 1451 115 1494 περὶ
141 1448 264 1492 ἀρχῶν
289 1446 406 1478 secisse
433 1447 658 1479 convinceris:
695 1447 838 1478 maxime
871 1460 947 1479 cum
979 1447 1069 1478 idem
1094 1447 1163 1479 Eu-

31 1510 160 1548 sebius,
199 1518 236 1540 ut
261 1507 324 1552 jam
351 1508 486 1539 duobus
520 1507 612 1540 libris
643 1509 764 1547 docui,
800 1508 923 1540 scribat
947 1508 1163 1553 Pamphilum

31 1571 115 1605 nihil
140 1568 272 1616 proprii
297 1582 410 1614 operis
435 1569 610 1603 edidisse«
659 1570 708 1602 Ex
735 1569 785 1603 his
799 1571 945 1603 efficitur
964 1571 1164 1616 Didymum,

127 1740 157 1781 ¹)
183 1739 229 1772 Ut
254 1738 394 1770 tollatur
418 1748 533 1783 aperta
554 1739 734 1770 verborum
749 1739 978 1782 repugnantia,
1001 1739 1164 1772 Eminen-

30 1796 176 1830 tissimus
207 1793 392 1827 Cardinnlis
424 1794 576 1827 Norisius
609 1794 739 1826 dissert.
771 1794 931 1828 historica
965 1797 1005 1827 de
1030 1798 1161 1842 synodo

31 1853 146 1897 quinta
172 1864 245 1895 cap.
265 1850 315 1885 13.
343 1863 416 1881 eam
436 1849 546 1894 rejicit
572 1851 604 1882 in
627 1850 891 1883 Amanuensium
918 1865 1079 1892 errorem,
1104 1853 1161 1897 qui

31 1921 107 1941 curn
133 1907 166 1939 in
192 1907 251 1938 hac
284 1906 324 1937 ad
354 1905 548 1938 Pammach.
575 1916 608 1939 et
633 1907 759 1940 Ocean.
795 1907 890 1950 epist.
925 1907 1074 1948 legerent
1104 1910 1161 1941 ab·

29 1963 191 1996 breviatas
224 1963 319 1994 hasce
344 1970 457 1993 notas:
485 1962 570 1994 »VL
596 1962 667 1995 Lib.
700 1963 838 1995 Eusebii
870 1977 971 2007 snper
1004 1964 1160 2006 Origenis

29 2019 224 2052 defensione
250 2016 498 2062 principiumt«
526 2019 760 2051 reddiderunt:
790 2019 902 2052 »Sexti
921 2019 1055 2052 Libri:«
1084 2034 1159 2053 cum

27 2076 174 2109 scribere
199 2073 437 2106 debuissentzu
465 2074 529 2106 Sex
554 2074 732 2107 Librorum
762 2074 897 2106 Ense-bii
921 2088 1023 2119 super
1040 2076 1160 2117 Orige—

27 2133 78 2165 nis
104 2130 300 2162 defensione
327 2129 568 2173 principium.«
618 2131 675 2164 Sic
700 2131 799 2163 ctiam
825 2131 926 2175 paulo
952 2141 1030 2176 post
1048 2133 1159 2174 legen-

27 2185 135 2218 tibus:
164 2185 241 2230 „qui
266 2185 322 2218 Vl.
349 2185 438 2218 Libr.
464 2186 571 2230 capite
597 2187 840 2220 detruncatum
876 2201 944 2219 non
970 2189 1158 2222 exscriben-

28 2241 107 2273 dum
134 2241 174 2273 iis
199 2250 287 2273 erat:
315 2240 428 2273 »Sexti
452 2241 590 2274 Lihr‘im
617 2244 693 2275 sed:
723 2244 807 2276 »Sex
832 2243 1043 2278 Librorum«
1074 2247 1110 2279 R.
