1403 2492
354 85 666 117 Omenmsnonum
691 80 804 114 Lmen
829 80 874 113 11.
1114 80 1181 116 257

47 173 106 207 „Si
136 173 321 206 secundum
361 173 520 206 historiae
558 170 784 204 narrationem
820 169 1033 214 suscipienda
1071 179 1179 202 essent

45 247 132 280 quae
156 235 280 279 scripta
304 244 392 276 sunt,
416 234 551 267 videtur
574 233 651 272 hoc,
676 232 769 277 quod
794 231 879 264 dicit
891 231 1076 276 Scriptura,
1101 231 1178 276 quia

48 298 208 342 »nnon¹)
240 297 393 329 fecerunt
426 294 624 328 obstetrices
655 294 841 327 secundum
876 294 971 338 quod
995 305 1178 338 praecepe-

45 369 95 391 rat
120 359 158 391 iis
182 371 238 391 rex
262 357 422 405 Aegypti:
437 372 476 388 «m
506 365 612 389 »stare
637 369 705 388 non
723 368 822 400 posse
837 368 871 388 r«
900 365 932 388 et
952 355 1057 400 paulo
1081 364 1177 400 post:

47 421 161 453 »Haec
184 420 320 453 interim
345 429 486 464 propter
511 431 581 459 eos,
607 419 663 463 qui
688 418 787 450 amici
802 427 880 450 sunt
896 417 1025 456 literae,
1051 425 1084 449 et
1107 428 1177 449 non

45 492 164 526 putant
189 483 296 524 legem
320 480 529 526 spiritualem
561 492 649 523 esse,
682 489 715 513 et
738 479 962 524 spiritualiter
984 477 1174 520 intelligen-

44 545 131 577 dam.
180 545 248 578 Sed
280 556 359 583 noa,
390 542 446 587 qui
479 541 590 574 omnia
622 554 706 586 quae
737 541 859 586 scripta
890 550 986 581 sunt,
1016 553 1086 572 non
1110 552 1174 584 pro

43 606 289 639 narrationibus
313 605 571 649 antiquitatum,
596 604 655 636 sed
680 617 744 648 pro
769 603 947 649 disciplina
972 612 1005 635 et
1027 601 1174 634 utilitate

41 678 155 700 nostra
169 667 349 700 didicimus
364 665 519 710 scripta,«
547 674 622 706 etc„
640 675 672 698 et
689 665 813 698 deinde
829 678 921 698 num.
934 664 965 699 2.
993 663 1127 707 »nQuia
1139 659 1173 703 ²)

44 730 208 762 timebant
225 727 420 761 obstetrices
440 728 562 768 Deum,
587 728 742 760 fecerunt
760 727 824 760 sibi
842 727 1019 759 domos.««
1048 723 1174 767 »Quod

42 791 170 824 dictum
194 790 322 823 nullam
355 789 632 834 consequentiam
662 790 851 822 secundum
884 788 1017 821 literam
1048 787 1173 819 habere

42 862 154 897 potest
168 865 202 884 :a
229 861 262 884 et
285 860 403 896 postea
427 864 519 885 num.
538 850 569 886 3.
608 851 745 884 »Nolite
762 860 894 896 putare,
917 859 956 882 ut
979 861 1079 893 saepe
1104 848 1171 893 jam

41 914 202 955 diximus,
234 922 385 946 veterum
418 913 514 946 vobis
537 912 667 945 fabulas
698 912 849 952 recitari,
879 912 938 945 sed
970 911 1087 943 doceri
1112 924 1172 944 vos

39 989 101 1020 per
131 975 231 1015 haec,
264 984 302 1007 ut
338 974 524 1017 agnoscatis
557 975 713 1007 ordinem
746 974 870 1007 vitae.«
932 973 1085 1006 Homilia
1121 986 1172 1006 se·

39 1037 154 1082 quenti
177 1049 268 1070 num.
293 1035 324 1070 2.
357 1037 440 1069 haec
472 1037 606 1070 scribit:
641 1036 711 1068 »Et
736 1044 773 1068 tu
798 1047 876 1078 ergo
901 1035 965 1068 nisi
987 1035 1170 1069 adscende-

37 1099 82 1132 ris
107 1099 148 1132 ad
180 1107 332 1131 montem
355 1098 442 1138 Dei,
475 1107 508 1130 et
537 1097 584 1130 ibi
610 1097 796 1130 occurreris
822 1097 932 1137 Mosi‚
960 1097 996 1129 id
1021 1106 1082 1137 est,
1105 1096 1171 1130 nisi

40 1161 208 1193 oxcelsum
236 1160 316 1202 legis
340 1159 551 1193 adscenderis
575 1171 728 1198 sensum,
761 1158 823 1192 nisi
847 1159 889 1192 ad
912 1158 1096 1203 spiritualis
1120 1159 1170 1192 in-

39 1221 245 1264 telligentiae
271 1234 431 1254 cacumen
456 1221 616 1260 evaseris,
650 1233 719 1253 non
745 1230 794 1253 est
831 1234 868 1253 os
892 1229 988 1253 tuum
1013 1229 1170 1265 apertum

39 1298 55 1316 a
81 1284 245 1317 Domino.
292 1283 330 1317 Si
353 1284 387 1316 in
411 1282 531 1315 humili
556 1283 634 1315 loco
652 1282 769 1315 literae
784 1282 927 1323 steteris,
951 1292 985 1315 et
1007 1282 1168 1316 historiae

36 1355 164 1379 textum
201 1345 350 1378 Judaicis
392 1344 639 1377 narrationibus
677 1344 844 1383 innectas,
883 1356 951 1376 non
990 1345 1167 1377 occurristi

37 1407 129 1441 Mosi
151 1407 185 1440 in
209 1417 361 1440 montem
385 1406 470 1446 Dei,
494 1418 557 1438 nee
582 1418 619 1438 os
642 1414 739 1438 tuum
764 1404 895 1450 aperuit
918 1405 1030 1450 Deus,
1056 1419 1166 1451 neque

36 1468 191 1502 instruxit
213 1478 247 1501 te
272 1481 356 1513 quae
382 1477 538 1512 oporteat
562 1476 595 1499 te
620 1467 748 1512 loquis«
797 1466 951 1500 Homilia
974 1468 1033 1501 XI.
1066 1467 1101 1500 in
1125 1468 1168 1500 li-

35 1533 133 1563 brum
159 1531 304 1563 eundem
341 1543 432 1566 num,
457 1529 488 1563 2.
520 1528 599 1561 talia
631 1541 766 1573 quoque
798 1530 971 1562 offendas:
1009 1529 1066 1563 »Si
1091 1530 1165 1575 quis

37 1603 96 1633 est,
121 1592 179 1638 qui
203 1593 317 1635 legens
342 1592 464 1626 Mosen
489 1600 675 1623 murmurat
699 1592 856 1624 adversus
881 1604 970 1631 eum,
995 1599 1028 1623 et
1048 1590 1166 1635 displi-

37 1665 88 1687 cet
113 1654 144 1687 ei
169 1654 241 1695 lex,
272 1665 358 1698 quae
389 1654 574 1685 secundum
608 1653 741 1685 literam
764 1652 888 1697 scripta
912 1662 978 1692 est,
1010 1653 1104 1697 quod
1128 1653 1163 1687 in

34 1716 149 1749 multis
184 1727 253 1747 non
285 1714 419 1746 videtur
451 1727 583 1746 servare
620 1713 913 1758 consequentiam,
951 1714 1100 1748 ostendit
1130 1715 1162 1748 ei

36 1779 149 1811 Moses
172 1777 324 1815 Petram,
364 1788 448 1820 quae
475 1784 525 1808 est
558 1775 723 1815 Christus,
761 1784 795 1807 et
829 1775 967 1807 adducit
1003 1788 1080 1807 eum
1119 1777 1162 1809 ad

34 1838 156 1882 ipsam,
188 1846 226 1869 ut
254 1837 333 1870 inde
364 1837 475 1879 bibat,
507 1848 540 1869 et
562 1837 691 1869 reficiat
722 1836 811 1868 sitim
835 1849 960 1869 suam.·‹
1010 1837 1162 1871 Homilia

34 1900 93 1932 ΙΙΙ.
119 1899 153 1932 in
177 1899 282 1933 Levit.
314 1912 405 1933 num.
430 1899 460 1934 3.
506 1899 654 1930 Judaeos
683 1897 797 1942 inepte
830 1907 863 1930 et
897 1898 1065 1931 inutiliter
1093 1912 1164 1932 ser-

34 1973 126 1993 vasse
158 1960 204 1993 ait
233 1969 470 2005 praeceptum,
509 1972 577 2004 quo
609 1958 864 1991 immundorum
897 1969 929 1992 et
960 1960 1159 1994 cadaverum

35 2032 207 2055 contactus
239 2023 456 2067 prohibetur,
493 2031 592 2066 atque
622 2020 658 2053 id
690 2020 870 2063 allegorice
900 2021 1158 2065 intelligendum

129 2173 159 2216 ¹)
187 2172 255 2205 Csr.
281 2172 387 2205 Exod.
415 2174 436 2212 l,
463 2173 514 2209 17.
541 2193 583 2198 —
620 2174 706 2206 Edd.
740 2173 781 2206 H.
813 2183 845 2206 et
877 2174 916 2207 R.
952 2175 1155 2208 „secundum

34 2218 125 2262 quod
151 2228 367 2261 praeceperat
392 2218 420 2250 ei
446 2232 502 2250 rex
529 2219 701 2264 Aegypti«

125 2275 159 2316 ²)
187 2274 254 2306 Cfr.
280 2273 388 2307 Exod.
414 2274 440 2314 1,
464 2275 518 2309 21.

80 2335 255 2368 ORIGEMS
281 2335 416 2369 OPERA.
443 2336 537 2372 Tom.
563 2337 687 2369 ΧΧΗΙ.
926 2335 966 2369 17
