<?xml version="1.0" encoding="UTF-8"?>
<!DOCTYPE html PUBLIC "-//W3C//DTD XHTML 1.0 Transitional//EN"
    "http://www.w3.org/TR/xhtml1/DTD/xhtml1-transitional.dtd">
<html xmlns="http://www.w3.org/1999/xhtml" xml:lang="en" lang="en">
 <head>
  <title>
</title>
<meta http-equiv="Content-Type" content="text/html;charset=utf-8" />
  <meta name='ocr-system' content='tesseract 3.04.00' />
  <meta name='ocr-capabilities' content='ocr_page ocr_carea ocr_par ocr_line ocrx_word'/>
</head>
<body>
  <div class='ocr_page' id='page_1' title='image "./operaomniaquaegr23orig/operaomniaquaegr23orig_0305.png"; bbox 0 0 1403 2492; ppageno 0'>
   <div class='ocr_carea' id='block_1_1' title="bbox 349 69 1168 107">
    <p class='ocr_par' dir='ltr' id='par_1_1' title="bbox 349 69 1168 107">
     <span class='ocr_line' id='line_1_1' title="bbox 349 69 1168 107; baseline 0.001 -3"><span class='ocrx_word' id='word_1_1' title='bbox 349 71 661 104; x_wconf 65' lang='lat' dir='ltr'>Onmexmxonum</span> <span class='ocrx_word' id='word_1_2' title='bbox 692 69 805 102; x_wconf 67' lang='lat' dir='ltr'>Lmen</span> <span class='ocrx_word' id='word_1_3' title='bbox 829 69 875 101; x_wconf 79' lang='lat' dir='ltr'>lt.</span> <span class='ocrx_word' id='word_1_4' title='bbox 1105 71 1168 107; x_wconf 85' lang='lat'>291</span> 
     </span>
    </p>
   </div>
   <div class='ocr_carea' id='block_1_2' title="bbox 36 158 1177 2110">
    <p class='ocr_par' dir='ltr' id='par_1_2' title="bbox 36 158 1177 2110">
     <span class='ocr_line' id='line_1_2' title="bbox 40 158 1167 204; baseline 0.001 -12"><span class='ocrx_word' id='word_1_5' title='bbox 40 160 74 192; x_wconf 87' lang='lat' dir='ltr'>in</span> <span class='ocrx_word' id='word_1_6' title='bbox 99 160 248 200; x_wconf 83' lang='lat' dir='ltr'>saecula,</span> <span class='ocrx_word' id='word_1_7' title='bbox 280 173 396 193; x_wconf 76' lang='lat' dir='ltr'>verum</span> <span class='ocrx_word' id='word_1_8' title='bbox 425 169 457 193; x_wconf 89' lang='lat' dir='ltr'>et</span> <span class='ocrx_word' id='word_1_9' title='bbox 481 173 519 193; x_wconf 87' lang='lat' dir='ltr'>ex</span> <span class='ocrx_word' id='word_1_10' title='bbox 544 160 594 192; x_wconf 82' lang='lat' dir='ltr'>his</span> <span class='ocrx_word' id='word_1_11' title='bbox 618 158 741 191; x_wconf 78' lang='lat' dir='ltr'>vitibus</span> <span class='ocrx_word' id='word_1_12' title='bbox 763 168 795 191; x_wconf 92' lang='lat' dir='ltr'>et</span> <span class='ocrx_word' id='word_1_13' title='bbox 811 159 842 204; x_wconf 89' lang='lat'>¹)</span> <span class='ocrx_word' id='word_1_14' title='bbox 866 159 1030 192; x_wconf 85' lang='lat' dir='ltr'>fructibus</span> <span class='ocrx_word' id='word_1_15' title='bbox 1056 160 1167 202; x_wconf 55' lang='lat' dir='ltr'>ligni«</span> 
     </span>
     <span class='ocr_line' id='line_1_3' title="bbox 44 220 1169 265; baseline 0.001 -11"><span class='ocrx_word' id='word_1_16' title='bbox 44 223 190 255; x_wconf 82' lang='lat' dir='ltr'>Tantum</span> <span class='ocrx_word' id='word_1_17' title='bbox 215 223 325 262; x_wconf 85' lang='lat' dir='ltr'>abest,</span> <span class='ocrx_word' id='word_1_18' title='bbox 355 232 391 255; x_wconf 87' lang='lat' dir='ltr'>ut</span> <span class='ocrx_word' id='word_1_19' title='bbox 423 222 498 255; x_wconf 83' lang='lat' dir='ltr'>binc</span> <span class='ocrx_word' id='word_1_20' title='bbox 528 220 655 265; x_wconf 80' lang='lat' dir='ltr'>aliquid</span> <span class='ocrx_word' id='word_1_21' title='bbox 686 233 750 264; x_wconf 83' lang='lat' dir='ltr'>pro</span> <span class='ocrx_word' id='word_1_22' title='bbox 782 233 840 252; x_wconf 87' lang='lat' dir='ltr'>sua</span> <span class='ocrx_word' id='word_1_23' title='bbox 872 234 984 253; x_wconf 77' lang='lat' dir='ltr'>caussa</span> <span class='ocrx_word' id='word_1_24' title='bbox 1009 222 1169 263; x_wconf 74' lang='lat' dir='ltr'>colligere</span> 
     </span>
     <span class='ocr_line' id='line_1_4' title="bbox 38 281 1167 328; baseline 0.002 -12"><span class='ocrx_word' id='word_1_25' title='bbox 38 285 145 328; x_wconf 87' lang='lat' dir='ltr'>possit</span> <span class='ocrx_word' id='word_1_26' title='bbox 168 283 379 323; x_wconf 86' lang='lat' dir='ltr'>Albertinus,</span> <span class='ocrx_word' id='word_1_27' title='bbox 417 292 455 315; x_wconf 89' lang='lat' dir='ltr'>ut</span> <span class='ocrx_word' id='word_1_28' title='bbox 489 283 540 315; x_wconf 88' lang='lat' dir='ltr'>vel</span> <span class='ocrx_word' id='word_1_29' title='bbox 574 281 678 326; x_wconf 73' lang='lat' dir='ltr'>ipsius</span> <span class='ocrx_word' id='word_1_30' title='bbox 710 281 863 325; x_wconf 83' lang='lat' dir='ltr'>opinioni</span> <span class='ocrx_word' id='word_1_31' title='bbox 896 283 1100 316; x_wconf 84' lang='lat' dir='ltr'>contrarium</span> <span class='ocrx_word' id='word_1_32' title='bbox 1134 285 1167 318; x_wconf 85' lang='lat' dir='ltr'>id</span> 
     </span>
     <span class='ocr_line' id='line_1_5' title="bbox 37 344 1167 391; baseline 0 -13"><span class='ocrx_word' id='word_1_33' title='bbox 37 346 152 391; x_wconf 84' lang='lat' dir='ltr'>potius</span> <span class='ocrx_word' id='word_1_34' title='bbox 177 354 209 378; x_wconf 87' lang='lat' dir='ltr'>et</span> <span class='ocrx_word' id='word_1_35' title='bbox 232 344 458 377; x_wconf 77' lang='lat' dir='ltr'>adversarium</span> <span class='ocrx_word' id='word_1_36' title='bbox 483 344 542 385; x_wconf 89' lang='lat' dir='ltr'>sit;</span> <span class='ocrx_word' id='word_1_37' title='bbox 569 344 620 376; x_wconf 80' lang='lat' dir='ltr'>vel</span> <span class='ocrx_word' id='word_1_38' title='bbox 647 352 736 376; x_wconf 85' lang='lat' dir='ltr'>certe</span> <span class='ocrx_word' id='word_1_39' title='bbox 760 356 823 387; x_wconf 85' lang='lat' dir='ltr'>pro</span> <span class='ocrx_word' id='word_1_40' title='bbox 847 353 964 376; x_wconf 85' lang='lat' dir='ltr'>neutra</span> <span class='ocrx_word' id='word_1_41' title='bbox 988 355 1082 389; x_wconf 83' lang='lat' dir='ltr'>parte</span> <span class='ocrx_word' id='word_1_42' title='bbox 1107 360 1167 390; x_wconf 83' lang='lat' dir='ltr'>pu-</span> 
     </span>
     <span class='ocr_line' id='line_1_6' title="bbox 39 404 1170 451; baseline 0 -12"><span class='ocrx_word' id='word_1_43' title='bbox 39 416 127 448; x_wconf 84' lang='lat' dir='ltr'>gnet.</span> <span class='ocrx_word' id='word_1_44' title='bbox 172 407 309 451; x_wconf 85' lang='lat' dir='ltr'><strong>Duplex</strong></span> <span class='ocrx_word' id='word_1_45' title='bbox 334 407 361 439; x_wconf 83' lang='lat' dir='ltr'>si</span> <span class='ocrx_word' id='word_1_46' title='bbox 387 406 522 451; x_wconf 89' lang='lat' dir='ltr'>quidem</span> <span class='ocrx_word' id='word_1_47' title='bbox 549 405 653 446; x_wconf 78' lang='lat' dir='ltr'>cibus,</span> <span class='ocrx_word' id='word_1_48' title='bbox 679 404 803 449; x_wconf 85' lang='lat' dir='ltr'>duplex</span> <span class='ocrx_word' id='word_1_49' title='bbox 830 418 902 437; x_wconf 89' lang='lat' dir='ltr'>esus</span> <span class='ocrx_word' id='word_1_50' title='bbox 916 405 1084 439; x_wconf 83' lang='lat' dir='ltr'>interioris</span> <span class='ocrx_word' id='word_1_51' title='bbox 1109 408 1170 439; x_wconf 79' lang='lat' dir='ltr'>ho-</span> 
     </span>
     <span class='ocr_line' id='line_1_7' title="bbox 37 465 1168 512; baseline 0 -11"><span class='ocrx_word' id='word_1_52' title='bbox 37 469 136 501; x_wconf 81' lang='lat' dir='ltr'>minis</span> <span class='ocrx_word' id='word_1_53' title='bbox 159 468 300 510; x_wconf 83' lang='lat' dir='ltr'>intelligi</span> <span class='ocrx_word' id='word_1_54' title='bbox 325 477 453 512; x_wconf 86' lang='lat' dir='ltr'>potest:</span> <span class='ocrx_word' id='word_1_55' title='bbox 487 465 539 499; x_wconf 81' lang='lat' dir='ltr'>vel</span> <span class='ocrx_word' id='word_1_56' title='bbox 564 479 637 498; x_wconf 90' lang='lat' dir='ltr'>esus</span> <span class='ocrx_word' id='word_1_57' title='bbox 661 465 919 506; x_wconf 81' lang='lat' dir='ltr'>sacramentalis,</span> <span class='ocrx_word' id='word_1_58' title='bbox 943 480 1046 511; x_wconf 89' lang='lat' dir='ltr'>quum</span> <span class='ocrx_word' id='word_1_59' title='bbox 1073 469 1168 501; x_wconf 86' lang='lat' dir='ltr'>Chri-</span> 
     </span>
     <span class='ocr_line' id='line_1_8' title="bbox 38 527 1177 585; baseline 0 -22"><span class='ocrx_word' id='word_1_60' title='bbox 38 530 80 563; x_wconf 84' lang='lat' dir='ltr'>sti</span> <span class='ocrx_word' id='word_1_61' title='bbox 105 543 227 575; x_wconf 80' lang='lat' dir='ltr'>corpus</span> <span class='ocrx_word' id='word_1_62' title='bbox 259 542 317 562; x_wconf 86' lang='lat' dir='ltr'>ore</span> <span class='ocrx_word' id='word_1_63' title='bbox 343 528 546 573; x_wconf 84' lang='lat' dir='ltr'>recipimus;</span> <span class='ocrx_word' id='word_1_64' title='bbox 578 527 631 559; x_wconf 78' lang='lat' dir='ltr'>vel</span> <span class='ocrx_word' id='word_1_65' title='bbox 657 527 760 567; x_wconf 82' lang='lat' dir='ltr'>alter,</span> <span class='ocrx_word' id='word_1_66' title='bbox 796 540 899 571; x_wconf 92' lang='lat' dir='ltr'>quum</span> <span class='ocrx_word' id='word_1_67' title='bbox 924 528 1073 561; x_wconf 77' lang='lat' dir='ltr'><strong>Verbum</strong></span> <span class='ocrx_word' id='word_1_68' title='bbox 1099 543 1177 585; x_wconf 50' lang='lat' dir='ltr'>cam!</span> 
     </span>
     <span class='ocr_line' id='line_1_9' title="bbox 38 588 1166 635; baseline -0.001 -11"><span class='ocrx_word' id='word_1_69' title='bbox 38 604 115 624; x_wconf 92' lang='lat' dir='ltr'>nem</span> <span class='ocrx_word' id='word_1_70' title='bbox 140 592 266 624; x_wconf 80' lang='lat' dir='ltr'>factum</span> <span class='ocrx_word' id='word_1_71' title='bbox 290 591 358 624; x_wconf 76' lang='lat' dir='ltr'>side</span> <span class='ocrx_word' id='word_1_72' title='bbox 382 588 665 634; x_wconf 76' lang='lat' dir='ltr'>apprehendimus</span> <span class='ocrx_word' id='word_1_73' title='bbox 695 597 728 621; x_wconf 83' lang='lat' dir='ltr'>et</span> <span class='ocrx_word' id='word_1_74' title='bbox 760 588 986 622; x_wconf 74' lang='lat' dir='ltr'><strong>comedimus:</strong></span> <span class='ocrx_word' id='word_1_75' title='bbox 1023 604 1166 635; x_wconf 84' lang='lat' dir='ltr'>quorum</span> 
     </span>
     <span class='ocr_line' id='line_1_10' title="bbox 37 649 1167 698; baseline 0 -13"><span class='ocrx_word' id='word_1_76' title='bbox 37 663 179 698; x_wconf 90' lang='lat' dir='ltr'>uterque</span> <span class='ocrx_word' id='word_1_77' title='bbox 213 652 322 698; x_wconf 76' lang='lat' dir='ltr'>capite</span> <span class='ocrx_word' id='word_1_78' title='bbox 351 650 489 684; x_wconf 82' lang='lat' dir='ltr'>Joaunis</span> <span class='ocrx_word' id='word_1_79' title='bbox 531 660 624 683; x_wconf 61' lang='lat' dir='ltr'>sexto</span> <span class='ocrx_word' id='word_1_80' title='bbox 662 649 856 694; x_wconf 80' lang='lat' dir='ltr'>exponitur3</span> <span class='ocrx_word' id='word_1_81' title='bbox 897 650 950 682; x_wconf 78' lang='lat' dir='ltr'>hic</span> <span class='ocrx_word' id='word_1_82' title='bbox 983 652 1119 695; x_wconf 83' lang='lat' dir='ltr'>quidem</span> <span class='ocrx_word' id='word_1_83' title='bbox 1149 667 1167 687; x_wconf 80' lang='lat' dir='ltr'>a</span> 
     </span>
     <span class='ocr_line' id='line_1_11' title="bbox 38 711 1165 757; baseline 0 -10"><span class='ocrx_word' id='word_1_84' title='bbox 38 727 136 747; x_wconf 78' lang='lat' dir='ltr'>versu</span> <span class='ocrx_word' id='word_1_85' title='bbox 158 714 212 750; x_wconf 86' lang='lat'>31.</span> <span class='ocrx_word' id='word_1_86' title='bbox 237 714 279 747; x_wconf 79' lang='lat' dir='ltr'>ad</span> <span class='ocrx_word' id='word_1_87' title='bbox 302 714 382 746; x_wconf 84' lang='lat' dir='ltr'>haec</span> <span class='ocrx_word' id='word_1_88' title='bbox 406 714 506 745; x_wconf 85' lang='lat' dir='ltr'>verba</span> <span class='ocrx_word' id='word_1_89' title='bbox 531 725 642 744; x_wconf 86' lang='lat' dir='ltr'>versus</span> <span class='ocrx_word' id='word_1_90' title='bbox 666 712 719 746; x_wconf 82' lang='lat'>51.</span> <span class='ocrx_word' id='word_1_91' title='bbox 761 712 824 744; x_wconf 86' lang='lat' dir='ltr'>»Et</span> <span class='ocrx_word' id='word_1_92' title='bbox 847 711 953 756; x_wconf 85' lang='lat' dir='ltr'>panis,</span> <span class='ocrx_word' id='word_1_93' title='bbox 978 726 1078 757; x_wconf 85' lang='lat' dir='ltr'>quem</span> <span class='ocrx_word' id='word_1_94' title='bbox 1104 727 1165 756; x_wconf 86' lang='lat' dir='ltr'>ego</span> 
     </span>
     <span class='ocr_line' id='line_1_12' title="bbox 39 773 1165 810; baseline 0 -2"><span class='ocrx_word' id='word_1_95' title='bbox 39 777 172 808; x_wconf 80' lang='lat' dir='ltr'>dabo:«</span> <span class='ocrx_word' id='word_1_96' title='bbox 205 775 263 808; x_wconf 86' lang='lat' dir='ltr'>ille</span> <span class='ocrx_word' id='word_1_97' title='bbox 295 788 374 807; x_wconf 85' lang='lat' dir='ltr'>vero</span> <span class='ocrx_word' id='word_1_98' title='bbox 406 775 447 807; x_wconf 83' lang='lat' dir='ltr'>ab</span> <span class='ocrx_word' id='word_1_99' title='bbox 478 774 527 806; x_wconf 86' lang='lat' dir='ltr'>his</span> <span class='ocrx_word' id='word_1_100' title='bbox 560 773 669 806; x_wconf 83' lang='lat' dir='ltr'>verbis</span> <span class='ocrx_word' id='word_1_101' title='bbox 700 774 740 805; x_wconf 84' lang='lat' dir='ltr'>ad</span> <span class='ocrx_word' id='word_1_102' title='bbox 773 786 904 806; x_wconf 79' lang='lat' dir='ltr'>versum</span> <span class='ocrx_word' id='word_1_103' title='bbox 930 773 983 810; x_wconf 83' lang='grc'>59.</span> <span class='ocrx_word' id='word_1_104' title='bbox 1031 775 1067 809; x_wconf 89' lang='lat' dir='ltr'>Si</span> <span class='ocrx_word' id='word_1_105' title='bbox 1092 790 1165 809; x_wconf 83' lang='lat' dir='ltr'>esus</span> 
     </span>
     <span class='ocr_line' id='line_1_13' title="bbox 37 836 1167 881; baseline 0.001 -12"><span class='ocrx_word' id='word_1_106' title='bbox 37 838 96 870; x_wconf 85' lang='lat' dir='ltr'>ille</span> <span class='ocrx_word' id='word_1_107' title='bbox 120 836 328 879; x_wconf 83' lang='lat' dir='ltr'>intelligitur,</span> <span class='ocrx_word' id='word_1_108' title='bbox 354 849 420 881; x_wconf 91' lang='lat' dir='ltr'>quo</span> <span class='ocrx_word' id='word_1_109' title='bbox 448 837 595 868; x_wconf 85' lang='lat' dir='ltr'>Verbum</span> <span class='ocrx_word' id='word_1_110' title='bbox 621 848 753 868; x_wconf 85' lang='lat' dir='ltr'>carnem</span> <span class='ocrx_word' id='word_1_111' title='bbox 775 836 899 868; x_wconf 84' lang='lat' dir='ltr'>sactum</span> <span class='ocrx_word' id='word_1_112' title='bbox 924 836 991 868; x_wconf 82' lang='lat' dir='ltr'>fide</span> <span class='ocrx_word' id='word_1_113' title='bbox 1017 838 1167 870; x_wconf 85' lang='lat' dir='ltr'>comedi-</span> 
     </span>
     <span class='ocr_line' id='line_1_14' title="bbox 38 896 1164 943; baseline 0.001 -12"><span class='ocrx_word' id='word_1_114' title='bbox 38 912 130 939; x_wconf 86' lang='lat' dir='ltr'><strong>mus,</strong></span> <span class='ocrx_word' id='word_1_115' title='bbox 171 897 254 943; x_wconf 87' lang='lat' dir='ltr'>quid</span> <span class='ocrx_word' id='word_1_116' title='bbox 288 898 367 931; x_wconf 84' lang='lat' dir='ltr'>inde</span> <span class='ocrx_word' id='word_1_117' title='bbox 399 897 532 930; x_wconf 85' lang='lat' dir='ltr'>efficere</span> <span class='ocrx_word' id='word_1_118' title='bbox 563 896 671 941; x_wconf 88' lang='lat' dir='ltr'>possit</span> <span class='ocrx_word' id='word_1_119' title='bbox 703 896 915 936; x_wconf 86' lang='lat' dir='ltr'>Albertinus,</span> <span class='ocrx_word' id='word_1_120' title='bbox 951 910 1020 930; x_wconf 89' lang='lat' dir='ltr'>non</span> <span class='ocrx_word' id='word_1_121' title='bbox 1055 899 1164 932; x_wconf 88' lang='lat' dir='ltr'>video.</span> 
     </span>
     <span class='ocr_line' id='line_1_15' title="bbox 36 959 1166 1005; baseline 0 -13"><span class='ocrx_word' id='word_1_122' title='bbox 36 961 198 993; x_wconf 87' lang='lat' dir='ltr'>Fatemur</span> <span class='ocrx_word' id='word_1_123' title='bbox 220 959 309 992; x_wconf 86' lang='lat' dir='ltr'>enim</span> <span class='ocrx_word' id='word_1_124' title='bbox 337 960 486 991; x_wconf 83' lang='lat' dir='ltr'>Verbum</span> <span class='ocrx_word' id='word_1_125' title='bbox 510 971 643 991; x_wconf 77' lang='lat' dir='ltr'>caruem</span> <span class='ocrx_word' id='word_1_126' title='bbox 668 959 805 998; x_wconf 77' lang='lat' dir='ltr'>sactum,</span> <span class='ocrx_word' id='word_1_127' title='bbox 831 967 993 1003; x_wconf 84' lang='lat' dir='ltr'>quatenus</span> <span class='ocrx_word' id='word_1_128' title='bbox 1019 959 1083 992; x_wconf 78' lang='lat' dir='ltr'>fide</span> <span class='ocrx_word' id='word_1_129' title='bbox 1109 974 1166 1005; x_wconf 83' lang='lat' dir='ltr'>ap-</span> 
     </span>
     <span class='ocr_line' id='line_1_16' title="bbox 37 1020 1168 1066; baseline 0 -12"><span class='ocrx_word' id='word_1_130' title='bbox 37 1021 258 1066; x_wconf 83' lang='lat' dir='ltr'>prehenditur</span> <span class='ocrx_word' id='word_1_131' title='bbox 281 1030 313 1053; x_wconf 82' lang='lat' dir='ltr'>et</span> <span class='ocrx_word' id='word_1_132' title='bbox 338 1020 547 1060; x_wconf 86' lang='lat' dir='ltr'>comeditur,</span> <span class='ocrx_word' id='word_1_133' title='bbox 580 1020 710 1052; x_wconf 79' lang='lat' dir='ltr'>animae</span> <span class='ocrx_word' id='word_1_134' title='bbox 743 1020 920 1064; x_wconf 83' lang='lat' dir='ltr'>proprium</span> <span class='ocrx_word' id='word_1_135' title='bbox 947 1033 1016 1053; x_wconf 89' lang='lat' dir='ltr'>esse</span> <span class='ocrx_word' id='word_1_136' title='bbox 1042 1022 1168 1062; x_wconf 81' lang='lat' dir='ltr'>cibum,</span> 
     </span>
     <span class='ocr_line' id='line_1_17' title="bbox 36 1080 1166 1127; baseline 0.001 -12"><span class='ocrx_word' id='word_1_137' title='bbox 36 1096 107 1116; x_wconf 89' lang='lat' dir='ltr'>non</span> <span class='ocrx_word' id='word_1_138' title='bbox 134 1081 298 1127; x_wconf 78' lang='lat' dir='ltr'>corporiS.</span> <span class='ocrx_word' id='word_1_139' title='bbox 351 1081 395 1114; x_wconf 84' lang='lat' dir='ltr'>Et</span> <span class='ocrx_word' id='word_1_140' title='bbox 426 1095 467 1113; x_wconf 88' lang='lat' dir='ltr'>ne</span> <span class='ocrx_word' id='word_1_141' title='bbox 500 1081 580 1126; x_wconf 83' lang='lat' dir='ltr'>quid</span> <span class='ocrx_word' id='word_1_142' title='bbox 615 1080 842 1122; x_wconf 71' lang='lat' dir='ltr'>dissimulem,</span> <span class='ocrx_word' id='word_1_143' title='bbox 877 1082 964 1113; x_wconf 87' lang='lat' dir='ltr'>hunc</span> <span class='ocrx_word' id='word_1_144' title='bbox 997 1095 1066 1114; x_wconf 86' lang='lat' dir='ltr'>esse</span> <span class='ocrx_word' id='word_1_145' title='bbox 1099 1083 1166 1116; x_wconf 89' lang='lat' dir='ltr'>loci</span> 
     </span>
     <span class='ocr_line' id='line_1_18' title="bbox 37 1143 1169 1177; baseline 0.001 -1"><span class='ocrx_word' id='word_1_146' title='bbox 37 1143 248 1177; x_wconf 84' lang='lat' dir='ltr'>intellectum</span> <span class='ocrx_word' id='word_1_147' title='bbox 280 1156 411 1175; x_wconf 83' lang='lat' dir='ltr'>censeo.</span> <span class='ocrx_word' id='word_1_148' title='bbox 459 1143 519 1175; x_wconf 83' lang='lat' dir='ltr'>Sin</span> <span class='ocrx_word' id='word_1_149' title='bbox 550 1156 629 1174; x_wconf 76' lang='lat' dir='ltr'>vero</span> <span class='ocrx_word' id='word_1_150' title='bbox 661 1155 733 1174; x_wconf 86' lang='lat' dir='ltr'>esus</span> <span class='ocrx_word' id='word_1_151' title='bbox 762 1143 1008 1176; x_wconf 80' lang='lat' dir='ltr'>sacramentalis</span> <span class='ocrx_word' id='word_1_152' title='bbox 1040 1144 1093 1176; x_wconf 82' lang='lat' dir='ltr'>hic</span> <span class='ocrx_word' id='word_1_153' title='bbox 1126 1145 1169 1177; x_wconf 79' lang='lat' dir='ltr'>si-</span> 
     </span>
     <span class='ocr_line' id='line_1_19' title="bbox 37 1203 1168 1249; baseline 0.002 -12"><span class='ocrx_word' id='word_1_154' title='bbox 37 1205 223 1247; x_wconf 84' lang='lat' dir='ltr'>gnificatur,</span> <span class='ocrx_word' id='word_1_155' title='bbox 247 1217 308 1236; x_wconf 84' lang='lat' dir='ltr'>suo</span> <span class='ocrx_word' id='word_1_156' title='bbox 333 1204 397 1236; x_wconf 85' lang='lat' dir='ltr'>sibi</span> <span class='ocrx_word' id='word_1_157' title='bbox 422 1204 534 1245; x_wconf 84' lang='lat' dir='ltr'>gladio</span> <span class='ocrx_word' id='word_1_158' title='bbox 568 1203 737 1249; x_wconf 82' lang='lat' dir='ltr'>jugulatur</span> <span class='ocrx_word' id='word_1_159' title='bbox 767 1204 983 1245; x_wconf 73' lang='lat' dir='ltr'>Albertinus3</span> <span class='ocrx_word' id='word_1_160' title='bbox 1014 1219 1089 1237; x_wconf 86' lang='lat' dir='ltr'>nam</span> <span class='ocrx_word' id='word_1_161' title='bbox 1122 1207 1168 1239; x_wconf 87' lang='lat' dir='ltr'>ci-</span> 
     </span>
     <span class='ocr_line' id='line_1_20' title="bbox 37 1266 1166 1310; baseline 0.001 -11"><span class='ocrx_word' id='word_1_162' title='bbox 37 1268 119 1299; x_wconf 89' lang='lat' dir='ltr'>bum</span> <span class='ocrx_word' id='word_1_163' title='bbox 143 1266 240 1298; x_wconf 85' lang='lat' dir='ltr'>illum</span> <span class='ocrx_word' id='word_1_164' title='bbox 267 1267 435 1298; x_wconf 83' lang='lat' dir='ltr'>vocabulo</span> <span class='ocrx_word' id='word_1_165' title='bbox 460 1275 589 1298; x_wconf 82' lang='lat' dir='ltr'>tantum</span> <span class='ocrx_word' id='word_1_166' title='bbox 616 1279 691 1298; x_wconf 86' lang='lat' dir='ltr'>cum</span> <span class='ocrx_word' id='word_1_167' title='bbox 717 1266 799 1298; x_wconf 82' lang='lat' dir='ltr'>cibis</span> <span class='ocrx_word' id='word_1_168' title='bbox 822 1266 962 1310; x_wconf 81' lang='lat' dir='ltr'>reliquis</span> <span class='ocrx_word' id='word_1_169' title='bbox 987 1267 1166 1300; x_wconf 84' lang='lat' dir='ltr'>convenire</span> 
     </span>
     <span class='ocr_line' id='line_1_21' title="bbox 38 1327 1167 1373; baseline 0 -12"><span class='ocrx_word' id='word_1_170' title='bbox 38 1329 84 1361; x_wconf 86' lang='lat' dir='ltr'>ait</span> <span class='ocrx_word' id='word_1_171' title='bbox 109 1327 282 1369; x_wconf 75' lang='lat' dir='ltr'>Origenes,</span> <span class='ocrx_word' id='word_1_172' title='bbox 305 1341 400 1360; x_wconf 87' lang='lat' dir='ltr'>suam</span> <span class='ocrx_word' id='word_1_173' title='bbox 426 1340 505 1361; x_wconf 80' lang='lat' dir='ltr'>vero</span> <span class='ocrx_word' id='word_1_174' title='bbox 530 1341 806 1373; x_wconf 82' lang='lat' dir='ltr'>unumquemque</span> <span class='ocrx_word' id='word_1_175' title='bbox 830 1327 1074 1372; x_wconf 75' lang='lat' dir='ltr'>proprietatem</span> <span class='ocrx_word' id='word_1_176' title='bbox 1099 1342 1167 1361; x_wconf 85' lang='lat' dir='ltr'>ser-</span> 
     </span>
     <span class='ocr_line' id='line_1_22' title="bbox 39 1389 1166 1435; baseline 0 -13"><span class='ocrx_word' id='word_1_177' title='bbox 39 1403 135 1431; x_wconf 85' lang='lat' dir='ltr'>vare;</span> <span class='ocrx_word' id='word_1_178' title='bbox 158 1389 237 1422; x_wconf 87' lang='lat' dir='ltr'>illos</span> <span class='ocrx_word' id='word_1_179' title='bbox 262 1389 445 1433; x_wconf 86' lang='lat' dir='ltr'>corrumpi,</span> <span class='ocrx_word' id='word_1_180' title='bbox 471 1389 557 1421; x_wconf 73' lang='lat' dir='ltr'>liunc</span> <span class='ocrx_word' id='word_1_181' title='bbox 583 1389 750 1431; x_wconf 84' lang='lat' dir='ltr'>integrum</span> <span class='ocrx_word' id='word_1_182' title='bbox 774 1403 928 1422; x_wconf 82' lang='lat' dir='ltr'>manere:</span> <span class='ocrx_word' id='word_1_183' title='bbox 953 1389 999 1421; x_wconf 86' lang='lat' dir='ltr'>sic</span> <span class='ocrx_word' id='word_1_184' title='bbox 1024 1403 1085 1422; x_wconf 88' lang='lat' dir='ltr'>nos</span> <span class='ocrx_word' id='word_1_185' title='bbox 1109 1404 1166 1435; x_wconf 84' lang='lat' dir='ltr'>pa-</span> 
     </span>
     <span class='ocr_line' id='line_1_23' title="bbox 37 1450 1165 1495; baseline 0.001 -12"><span class='ocrx_word' id='word_1_186' title='bbox 37 1465 114 1484; x_wconf 90' lang='lat' dir='ltr'>nem</span> <span class='ocrx_word' id='word_1_187' title='bbox 126 1450 396 1483; x_wconf 78' lang='lat' dir='ltr'>Eucharisticum</span> <span class='ocrx_word' id='word_1_188' title='bbox 423 1463 498 1482; x_wconf 89' lang='lat' dir='ltr'>cum</span> <span class='ocrx_word' id='word_1_189' title='bbox 523 1450 596 1482; x_wconf 82' lang='lat' dir='ltr'>aliis</span> <span class='ocrx_word' id='word_1_190' title='bbox 621 1450 763 1495; x_wconf 82' lang='lat' dir='ltr'>panibus</span> <span class='ocrx_word' id='word_1_191' title='bbox 789 1451 956 1483; x_wconf 83' lang='lat' dir='ltr'>vocabulo</span> <span class='ocrx_word' id='word_1_192' title='bbox 983 1452 1165 1484; x_wconf 86' lang='lat' dir='ltr'>convenire</span> 
     </span>
     <span class='ocr_line' id='line_1_24' title="bbox 38 1511 1164 1556; baseline 0 -11"><span class='ocrx_word' id='word_1_193' title='bbox 38 1512 198 1552; x_wconf 79' lang='lat' dir='ltr'>dicimus,</span> <span class='ocrx_word' id='word_1_194' title='bbox 229 1525 265 1544; x_wconf 92' lang='lat' dir='ltr'>re</span> <span class='ocrx_word' id='word_1_195' title='bbox 298 1511 369 1556; x_wconf 85' lang='lat' dir='ltr'>ipsa</span> <span class='ocrx_word' id='word_1_196' title='bbox 394 1512 603 1556; x_wconf 80' lang='lat' dir='ltr'>discrepare;</span> <span class='ocrx_word' id='word_1_197' title='bbox 632 1511 693 1544; x_wconf 86' lang='lat' dir='ltr'>hos</span> <span class='ocrx_word' id='word_1_198' title='bbox 718 1511 909 1556; x_wconf 76' lang='lat' dir='ltr'>corrumpi,</span> <span class='ocrx_word' id='word_1_199' title='bbox 937 1525 1059 1556; x_wconf 83' lang='lat' dir='ltr'>corpus</span> <span class='ocrx_word' id='word_1_200' title='bbox 1084 1525 1164 1545; x_wconf 86' lang='lat' dir='ltr'>vero</span> 
     </span>
     <span class='ocr_line' id='line_1_25' title="bbox 39 1573 1168 1619; baseline -0.001 -11"><span class='ocrx_word' id='word_1_201' title='bbox 39 1574 174 1613; x_wconf 81' lang='lat' dir='ltr'>Christi,</span> <span class='ocrx_word' id='word_1_202' title='bbox 200 1574 366 1619; x_wconf 81' lang='lat' dir='ltr'>corruptis</span> <span class='ocrx_word' id='word_1_203' title='bbox 398 1573 644 1612; x_wconf 78' lang='lat' dir='ltr'>accidentibus.</span> <span class='ocrx_word' id='word_1_204' title='bbox 680 1573 915 1618; x_wconf 85' lang='lat' dir='ltr'>incorruptum</span> <span class='ocrx_word' id='word_1_205' title='bbox 948 1587 1103 1607; x_wconf 80' lang='lat' dir='ltr'>manere:</span> <span class='ocrx_word' id='word_1_206' title='bbox 1135 1584 1168 1607; x_wconf 88' lang='lat' dir='ltr'>et</span> 
     </span>
     <span class='ocr_line' id='line_1_26' title="bbox 38 1634 1167 1681; baseline 0 -13"><span class='ocrx_word' id='word_1_207' title='bbox 38 1635 189 1681; x_wconf 84' lang='lat' dir='ltr'>quamvis</span> <span class='ocrx_word' id='word_1_208' title='bbox 214 1647 379 1678; x_wconf 86' lang='lat' dir='ltr'>corpore,</span> <span class='ocrx_word' id='word_1_209' title='bbox 411 1634 529 1667; x_wconf 81' lang='lat' dir='ltr'>itidem</span> <span class='ocrx_word' id='word_1_210' title='bbox 561 1645 598 1667; x_wconf 89' lang='lat' dir='ltr'>ut</span> <span class='ocrx_word' id='word_1_211' title='bbox 628 1635 685 1668; x_wconf 86' lang='lat' dir='ltr'>alii</span> <span class='ocrx_word' id='word_1_212' title='bbox 715 1648 837 1679; x_wconf 85' lang='lat' dir='ltr'>panes,</span> <span class='ocrx_word' id='word_1_213' title='bbox 862 1636 1065 1679; x_wconf 83' lang='lat' dir='ltr'>excipiatur,</span> <span class='ocrx_word' id='word_1_214' title='bbox 1088 1636 1167 1669; x_wconf 87' lang='lat' dir='ltr'>illos</span> 
     </span>
     <span class='ocr_line' id='line_1_27' title="bbox 38 1695 1167 1740; baseline 0.001 -11"><span class='ocrx_word' id='word_1_215' title='bbox 38 1708 150 1730; x_wconf 80' lang='lat' dir='ltr'>tamen</span> <span class='ocrx_word' id='word_1_216' title='bbox 180 1695 216 1728; x_wconf 89' lang='lat' dir='ltr'>in</span> <span class='ocrx_word' id='word_1_217' title='bbox 249 1696 446 1728; x_wconf 77' lang='lat' dir='ltr'>alimentum</span> <span class='ocrx_word' id='word_1_218' title='bbox 472 1695 624 1740; x_wconf 81' lang='lat' dir='ltr'>corporis</span> <span class='ocrx_word' id='word_1_219' title='bbox 648 1696 790 1736; x_wconf 52' lang='lat' dir='ltr'>mutam</span> <span class='ocrx_word' id='word_1_220' title='bbox 822 1697 887 1728; x_wconf 82' lang='lat' dir='ltr'>hoc</span> <span class='ocrx_word' id='word_1_221' title='bbox 911 1696 1057 1736; x_wconf 77' lang='lat' dir='ltr'>animae,</span> <span class='ocrx_word' id='word_1_222' title='bbox 1082 1697 1167 1730; x_wconf 89' lang='lat' dir='ltr'>inte-</span> 
     </span>
     <span class='ocr_line' id='line_1_28' title="bbox 38 1756 1166 1801; baseline 0 -10"><span class='ocrx_word' id='word_1_223' title='bbox 38 1757 122 1791; x_wconf 83' lang='lat' dir='ltr'>riori</span> <span class='ocrx_word' id='word_1_224' title='bbox 145 1756 275 1790; x_wconf 83' lang='lat' dir='ltr'>scilicet</span> <span class='ocrx_word' id='word_1_225' title='bbox 298 1756 426 1789; x_wconf 84' lang='lat' dir='ltr'>homini</span> <span class='ocrx_word' id='word_1_226' title='bbox 442 1770 480 1789; x_wconf 84' lang='lat' dir='ltr'>ac</span> <span class='ocrx_word' id='word_1_227' title='bbox 494 1756 670 1801; x_wconf 81' lang='lat' dir='ltr'>spirituali,</span> <span class='ocrx_word' id='word_1_228' title='bbox 695 1756 889 1789; x_wconf 87' lang='lat' dir='ltr'>alimoniam</span> <span class='ocrx_word' id='word_1_229' title='bbox 904 1757 1166 1798; x_wconf 79' lang='lat' dir='ltr'>subministrare.</span> 
     </span>
     <span class='ocr_line' id='line_1_29' title="bbox 38 1818 1168 1863; baseline -0.001 -10"><span class='ocrx_word' id='word_1_230' title='bbox 38 1818 268 1853; x_wconf 85' lang='lat' dir='ltr'>accidentibus</span> <span class='ocrx_word' id='word_1_231' title='bbox 292 1819 450 1851; x_wconf 78' lang='lat' dir='ltr'>duntaxat</span> <span class='ocrx_word' id='word_1_232' title='bbox 475 1832 597 1863; x_wconf 84' lang='lat' dir='ltr'>corpus</span> <span class='ocrx_word' id='word_1_233' title='bbox 630 1819 814 1859; x_wconf 83' lang='lat' dir='ltr'>alentibus,</span> <span class='ocrx_word' id='word_1_234' title='bbox 844 1828 1024 1863; x_wconf 88' lang='lat' dir='ltr'>postquam</span> <span class='ocrx_word' id='word_1_235' title='bbox 1048 1819 1082 1852; x_wconf 85' lang='lat' dir='ltr'>in</span> <span class='ocrx_word' id='word_1_236' title='bbox 1107 1833 1168 1852; x_wconf 91' lang='lat' dir='ltr'>no-</span> 
     </span>
     <span class='ocr_line' id='line_1_30' title="bbox 39 1880 1161 1924; baseline 0 -10"><span class='ocrx_word' id='word_1_237' title='bbox 39 1895 114 1914; x_wconf 78' lang='lat' dir='ltr'>vam</span> <span class='ocrx_word' id='word_1_238' title='bbox 138 1881 352 1914; x_wconf 83' lang='lat' dir='ltr'>substantiam</span> <span class='ocrx_word' id='word_1_239' title='bbox 379 1893 537 1913; x_wconf 85' lang='lat' dir='ltr'>conversa</span> <span class='ocrx_word' id='word_1_240' title='bbox 569 1890 654 1914; x_wconf 88' lang='lat' dir='ltr'>sunt.</span> <span class='ocrx_word' id='word_1_241' title='bbox 715 1880 784 1924; x_wconf 86' lang='lat' dir='ltr'>Qui</span> <span class='ocrx_word' id='word_1_242' title='bbox 817 1894 896 1913; x_wconf 89' lang='lat' dir='ltr'>vero</span> <span class='ocrx_word' id='word_1_243' title='bbox 929 1881 1009 1913; x_wconf 86' lang='lat' dir='ltr'>haec</span> <span class='ocrx_word' id='word_1_244' title='bbox 1034 1891 1161 1914; x_wconf 88' lang='lat' dir='ltr'>senten-</span> 
     </span>
     <span class='ocr_line' id='line_1_31' title="bbox 39 1942 1167 1987; baseline -0.002 -10"><span class='ocrx_word' id='word_1_245' title='bbox 39 1945 104 1977; x_wconf 82' lang='lat' dir='ltr'>tiae</span> <span class='ocrx_word' id='word_1_246' title='bbox 128 1955 207 1976; x_wconf 84' lang='lat' dir='ltr'>suae</span> <span class='ocrx_word' id='word_1_247' title='bbox 232 1943 538 1975; x_wconf 77' lang='lat' dir='ltr'>accommodabunt</span> <span class='ocrx_word' id='word_1_248' title='bbox 570 1942 798 1982; x_wconf 80' lang='lat' dir='ltr'>Ileterodoxi‚</span> <span class='ocrx_word' id='word_1_249' title='bbox 839 1956 915 1975; x_wconf 90' lang='lat' dir='ltr'>cum</span> <span class='ocrx_word' id='word_1_250' title='bbox 946 1956 1067 1987; x_wconf 83' lang='lat' dir='ltr'>panem</span> <span class='ocrx_word' id='word_1_251' title='bbox 1099 1943 1167 1975; x_wconf 87' lang='lat' dir='ltr'>Eu-</span> 
     </span>
     <span class='ocr_line' id='line_1_32' title="bbox 40 2004 1168 2049; baseline 0 -12"><span class='ocrx_word' id='word_1_252' title='bbox 40 2004 250 2038; x_wconf 84' lang='lat' dir='ltr'>charisticum</span> <span class='ocrx_word' id='word_1_253' title='bbox 275 2004 411 2036; x_wconf 88' lang='lat' dir='ltr'>nomine</span> <span class='ocrx_word' id='word_1_254' title='bbox 437 2014 563 2037; x_wconf 84' lang='lat' dir='ltr'>tantum</span> <span class='ocrx_word' id='word_1_255' title='bbox 597 2018 672 2037; x_wconf 83' lang='lat' dir='ltr'>cnm</span> <span class='ocrx_word' id='word_1_256' title='bbox 704 2004 845 2049; x_wconf 85' lang='lat' dir='ltr'>panibus</span> <span class='ocrx_word' id='word_1_257' title='bbox 876 2004 1015 2049; x_wconf 87' lang='lat' dir='ltr'>reliquis</span> <span class='ocrx_word' id='word_1_258' title='bbox 1046 2017 1168 2037; x_wconf 89' lang='lat' dir='ltr'>conve-</span> 
     </span>
     <span class='ocr_line' id='line_1_33' title="bbox 39 2065 1166 2110; baseline -0.002 -10"><span class='ocrx_word' id='word_1_259' title='bbox 39 2068 111 2100; x_wconf 83' lang='lat' dir='ltr'>nire</span> <span class='ocrx_word' id='word_1_260' title='bbox 135 2075 257 2098; x_wconf 82' lang='lat' dir='ltr'>asserat</span> <span class='ocrx_word' id='word_1_261' title='bbox 282 2065 460 2107; x_wconf 78' lang='lat' dir='ltr'>Origenes;</span> <span class='ocrx_word' id='word_1_262' title='bbox 485 2065 537 2097; x_wconf 86' lang='lat' dir='ltr'>illi</span> <span class='ocrx_word' id='word_1_263' title='bbox 560 2079 628 2098; x_wconf 89' lang='lat' dir='ltr'>non</span> <span class='ocrx_word' id='word_1_264' title='bbox 653 2066 790 2099; x_wconf 86' lang='lat' dir='ltr'>nomine</span> <span class='ocrx_word' id='word_1_265' title='bbox 807 2066 929 2105; x_wconf 88' lang='lat' dir='ltr'>solum,</span> <span class='ocrx_word' id='word_1_266' title='bbox 953 2066 1011 2098; x_wconf 82' lang='lat' dir='ltr'>scd</span> <span class='ocrx_word' id='word_1_267' title='bbox 1036 2079 1071 2098; x_wconf 89' lang='lat' dir='ltr'>re</span> <span class='ocrx_word' id='word_1_268' title='bbox 1095 2065 1166 2110; x_wconf 83' lang='lat' dir='ltr'>ipsa</span> 
     </span>
    </p>
   </div>
   <div class='ocr_carea' id='block_1_3' title="bbox 40 2127 1166 2173">
    <p class='ocr_par' dir='ltr' id='par_1_3' title="bbox 40 2127 1166 2173">
     <span class='ocr_line' id='line_1_34' title="bbox 40 2127 1166 2173; baseline -0.002 -12"><span class='ocrx_word' id='word_1_269' title='bbox 40 2127 173 2173; x_wconf 84' lang='lat' dir='ltr'>penitus</span> <span class='ocrx_word' id='word_1_270' title='bbox 205 2127 385 2159; x_wconf 86' lang='lat' dir='ltr'>convenire</span> <span class='ocrx_word' id='word_1_271' title='bbox 417 2127 545 2160; x_wconf 84' lang='lat' dir='ltr'>dicant:</span> <span class='ocrx_word' id='word_1_272' title='bbox 577 2128 664 2160; x_wconf 84' lang='lat' dir='ltr'>hune</span> <span class='ocrx_word' id='word_1_273' title='bbox 695 2128 843 2168; x_wconf 77' lang='lat' dir='ltr'>animae,</span> <span class='ocrx_word' id='word_1_274' title='bbox 873 2127 1018 2160; x_wconf 82' lang='lat' dir='ltr'>hominis</span> <span class='ocrx_word' id='word_1_275' title='bbox 1045 2139 1166 2171; x_wconf 86' lang='lat' dir='ltr'>nempe</span> 
     </span>
    </p>
   </div>
   <div class='ocr_carea' id='block_1_4' title="bbox 215 2210 304 2216">
    <p class='ocr_par' dir='ltr' id='par_1_4' title="bbox 215 2210 304 2216">
     <span class='ocr_line' id='line_1_35' title="bbox 215 2210 304 2216; baseline 0 0"><span class='ocrx_word' id='word_1_276' title='bbox 215 2210 304 2216; x_wconf 95' lang='lat' dir='ltr'> </span> 
     </span>
    </p>
   </div>
   <div class='ocr_carea' id='block_1_5' title="bbox 137 2255 995 2350">
    <p class='ocr_par' dir='ltr' id='par_1_5' title="bbox 137 2255 995 2350">
     <span class='ocr_line' id='line_1_36' title="bbox 137 2255 995 2299; baseline 0.001 -12"><span class='ocrx_word' id='word_1_277' title='bbox 137 2257 169 2299; x_wconf 86' lang='lat'>¹)</span> <span class='ocrx_word' id='word_1_278' title='bbox 195 2255 326 2287; x_wconf 71' lang='lat' dir='ltr'>Desunt</span> <span class='ocrx_word' id='word_1_279' title='bbox 351 2255 464 2288; x_wconf 82' lang='lat' dir='ltr'>verba:</span> <span class='ocrx_word' id='word_1_280' title='bbox 494 2265 545 2287; x_wconf 82' lang='lat' dir='ltr'>»et</span> <span class='ocrx_word' id='word_1_281' title='bbox 570 2255 764 2295; x_wconf 74' lang='lat' dir='ltr'>fructibus,«</span> <span class='ocrx_word' id='word_1_282' title='bbox 791 2255 825 2288; x_wconf 86' lang='lat' dir='ltr'>in</span> <span class='ocrx_word' id='word_1_283' title='bbox 849 2256 925 2289; x_wconf 82' lang='lat' dir='ltr'>edd.</span> <span class='ocrx_word' id='word_1_284' title='bbox 951 2255 995 2288; x_wconf 82' lang='lat' dir='ltr'>H.</span> 
     </span>
     <span class='ocr_line' id='line_1_37' title="bbox 893 2315 970 2350; baseline -0.013 0"><span class='ocrx_word' id='word_1_285' title='bbox 893 2316 933 2350; x_wconf 80' lang='lat'>19</span> <span class='ocrx_word' id='word_1_286' title='bbox 949 2315 970 2335; x_wconf 70' lang='lat'>*³</span> 
     </span>
    </p>
   </div>
  </div>
 </body>
</html>
