1403 2492
155 100 223 136 222
490 100 603 134 Pia-rm
628 100 802 135 nameus
829 100 959 134 llum!

156 190 282 224 ctrinae
307 191 542 231 defensorem,
565 191 599 223 in
625 190 767 231 libello,
798 203 899 236 quem
923 189 1057 236 scripsit
1080 190 1206 234 Vigiliq
1228 190 1292 226 Pa-

155 266 232 298 pae,
257 262 521 297 conquerentem
549 254 610 286 »de
636 254 702 292 lais,
736 253 794 298 qui
827 253 1106 286 contradicebant
1128 251 1293 295 dogmati-

154 316 218 348 bus
244 314 419 356 origenis,
453 315 630 347 asserentis
654 315 780 347 animas
804 315 964 348 humanas
988 323 1065 348 ame
1090 326 1235 359 corpora
1258 313 1294 347 in

156 377 302 421 quadam
326 376 423 409 beata
448 376 514 409 vita
538 376 804 421 praeexstitisse,
840 387 873 409 et
905 389 1024 409 omnes
1055 389 1139 422 quae
1169 375 1296 408 fuerint

155 447 294 470 aeterno
327 438 498 483 supplicio
531 438 733 478 destinatae,
772 438 805 471 in
837 438 1014 483 pristinam
1048 437 1296 471 beatitudinem

157 513 235 532 cum
259 499 401 532 diabolo
435 508 468 532 et
499 501 622 541 angelis
648 499 718 547 ejus
742 500 894 541 restitui,
925 500 1038 533 dicere
1071 500 1171 533 etiam
1195 499 1295 532 haec:

155 560 394 594 prosiluerunt
416 562 458 594 ad
482 561 811 594 anathematizandos
845 557 1072 595 sanctissinios
1104 571 1138 595 et
1167 561 1298 604 glorio-

154 623 305 656 sissimos
329 624 499 663 doctores,
524 626 586 656 sub
612 625 789 657 occasione
815 637 945 664 eorum,
971 637 1056 669 quae
1071 624 1113 657 de
1129 622 1298 669 praeexsi-

154 685 276 718 stcntia
300 694 333 718 et
356 686 570 719 restitutione
595 696 688 719 mota
719 695 814 726 sunt,
846 687 1062 728 dogmatum,
1094 685 1156 718 sub
1181 683 1294 730 specie

155 747 295 792 quidem
321 747 496 790 origenis,
532 761 651 780 omnes
681 758 793 781 autem
827 748 884 793 qui
916 758 992 781 ame
1026 761 1124 788 eum,
1159 756 1194 779 et
1215 754 1295 791 post

156 822 234 842 eum
259 810 406 849 suerunt,
430 819 566 843 sanctos
591 810 941 843 anathematizantem«

243 871 366 904 Petrus
391 871 570 904 Halloxius
595 872 876 914 Origenianariuu
899 871 1048 916 partium
1075 870 1210 912 insignis
1234 882 1294 914 pa-

153 943 291 974 tronus,
326 934 459 966 duobus
490 935 562 966 sere
594 934 707 966 modis
738 932 909 978 objectum
938 933 1140 966 Adamantio
1167 932 1294 965 crimen

154 995 289 1028 amoliri
314 995 430 1028 studet
462 996 599 1037 Origen.
639 996 765 1028 defens.
799 995 856 1028 lib.
884 996 941 1029 lV.
975 1005 1101 1040 quaest.
1126 995 1159 1029 4.
1206 996 1293 1027 Mn,

155 1059 210 1090 vel
235 1071 312 1090 eum
338 1066 480 1089 conatur
504 1058 693 1097 ostendere,
717 1070 785 1089 non
811 1057 932 1089 dixisse
958 1058 1095 1102 quidem
1119 1058 1294 1089 damnatos

154 1130 188 1153 et
211 1120 394 1152 daemones
417 1120 458 1151 ad
482 1120 658 1163 superiora
680 1131 901 1160 regressuros,
924 1121 984 1152 sed
1007 1120 1139 1161 regredi
1163 1128 1294 1152 tantum

154 1195 274 1227 posse,
309 1181 411 1225 idque
438 1181 536 1213 certis
561 1181 762 1225 quibusdam
788 1181 1058 1222 conditionibus,
1100 1193 1186 1226 quae
1216 1193 1293 1213 cum

152 1244 351 1288 neutiquam
386 1242 519 1288 possint
555 1242 768 1284 contingere,
807 1256 877 1276 non
909 1243 1007 1276 aliter
1035 1243 1294 1285 intelligendum

155 1306 351 1348 origenem,
375 1319 413 1337 ac
437 1305 464 1337 si
491 1305 584 1337 oinni
614 1305 750 1349 penitus
782 1305 984 1338 liberatione
1010 1305 1202 1346 diabolum,
1235 1305 1294 1337 da-

153 1378 355 1412 mnatosque
387 1367 543 1400 homines
575 1367 747 1411 privasset.
807 1367 1031 1401 conditiones
1069 1377 1182 1400 autem
1214 1366 1292 1399 illae

153 1440 230 1462 sunt
254 1429 461 1474 hujusmodi,
486 1442 585 1473 posse
610 1430 746 1471 angelos
772 1439 805 1462 et
829 1431 946 1462 beatos
972 1431 1013 1462 ad
1037 1430 1104 1462 ima
1121 1428 1292 1474 provolvi,

153 1492 179 1524 si
204 1492 361 1524 libertate
386 1500 519 1523 utentes
542 1490 674 1523 arbitrii
698 1503 717 1523 a
742 1491 865 1523 virtute
891 1491 1068 1533 deficiant;
1099 1504 1136 1523 ac
1167 1504 1186 1523 e
1211 1503 1293 1523 con--

152 1554 257 1587 trario
282 1554 323 1585 ad
347 1566 477 1585 summa
503 1565 602 1596 posse
628 1553 803 1585 damnatos
835 1562 867 1584 et
899 1553 1081 1585 daemones
1104 1552 1292 1597 pervenire,

153 1616 180 1648 si
203 1615 305 1657 gratia
332 1614 436 1659 adjuti
462 1613 573 1646 divina
598 1613 804 1658 resipiscant.
844 1614 930 1647 Cum
949 1624 1061 1647 autem
1081 1614 1177 1646 nullo
1195 1626 1292 1658 pror-

152 1691 208 1711 sus
231 1678 338 1710 modo
362 1678 515 1709 futurum
539 1675 592 1715 sit,
615 1667 652 1708 tit
678 1676 711 1708 lii
734 1676 942 1720 resipiscant,
966 1676 1017 1708 illi
1042 1689 1059 1709 a
1084 1676 1208 1708 virtute
1233 1676 1291 1707 de-

152 1740 284 1772 ficiant:
308 1739 385 1771 hinc
410 1738 540 1779 colligit
565 1738 754 1778 llalloxius,
779 1739 974 1771 arbitratum
990 1738 1090 1770 fuisse
1107 1737 1290 1779 origenem

151 1815 215 1834 nec
240 1814 258 1834 a
280 1800 440 1833 beatitate
465 1800 655 1847 dilapsuros
679 1798 857 1839 illos,'nee
883 1800 943 1832 lios
969 1802 1089 1844 poenis
1112 1799 1153 1832 iri
1172 1800 1290 1831 libera-

152 1874 237 1897 tum.
288 1863 436 1907 »Quare,
460 1862 593 1907 inquit,
626 1862 760 1907 quoties
785 1861 868 1895 dicit
893 1862 1075 1904 Origenes,
1115 1862 1289 1894 diabolum

152 1939 252 1971 posse
277 1925 416 1965 salvari,
455 1924 695 1966 intelligendus
730 1933 778 1957 est
810 1924 923 1957 dicere
954 1937 991 1956 ex
1023 1934 1117 1968 parte
1141 1933 1291 1963 naturae,

152 2001 221 2021 non
247 2001 284 2020 ex
309 1997 404 2032 parte
429 1986 596 2028 malitiae;
620 1986 688 2018 sive
713 1986 805 2029 quod
836 1995 955 2018 natura
986 1986 1056 2031 ejus
1080 1998 1148 2018 non
1172 1985 1215 2018 sit
1240 1999 1291 2017 re-

153 2063 305 2094 pugnans
328 2049 439 2082 saluti.
475 2049 551 2081 Hoc
577 2048 667 2080 enim
691 2049 851 2080 tenebant
866 2048 1126 2081 Valentiniani.«
1176 2047 1289 2091 Quam

153 2113 236 2144 levis
260 2112 302 2144 sit
327 2112 408 2144 llaec
434 2110 613 2149 excusatio,
637 2110 726 2149 satis,
749 2110 783 2141 ni
809 2110 926 2150 fallor,
957 2111 1139 2154 probatum
1163 2118 1214 2142 cst
1235 2123 1291 2141 su—

151 2173 344 2218 perioribus
366 2170 580 2210 testimoniis,
605 2183 689 2215 quae
713 2185 781 2204 non
805 2171 1038 2212 ὑποθετικῶς,
1062 2172 1121 2204 sed
1135 2171 1288 2204 absolute

153 2245 182 2267 et
210 2234 410 2278 siinpliriter
444 2233 639 2266 felicitatem
674 2234 837 2268 damnatis
872 2244 904 2267 et
935 2234 1155 2267 daemonibus
1185 2232 1290 2278 polli-

153 2307 279 2330 centur.
328 2296 407 2329 Plus
439 2296 536 2328 hahet
568 2296 700 2329 ruboris
737 2296 769 2328 iu
803 2296 915 2340 speeie
949 2295 1103 2328 Holloxii
1135 2294 1286 2328 defensio
