1403 2492
225 107 291 144 194
559 104 672 139 Pam
696 104 869 138 omnus
892 105 1024 138 Hor-ru

224 198 266 231 tis
290 196 462 236 omnibus,
480 208 519 228 ac
543 196 712 228 destructa
736 203 846 227 morte
870 194 1022 239 peccati,
1045 194 1134 227 ultra
1156 193 1222 240 jam
1244 207 1358 228 neces-

223 259 350 293 sarium
373 271 443 291 non
465 257 530 290 erit
554 257 680 290 offerre
698 256 822 289 hostias
838 269 901 301 pro
920 265 1096 300 peccatos<
1135 256 1241 289 Addit
1257 258 1358 301 paulo

223 330 324 366 post:
365 319 524 363 »Quanto
560 319 663 360 magis
699 318 869 350 Dominus
905 327 940 350 et
962 318 1119 352 Salvator
1144 327 1278 358 noster,
1303 319 1359 363 qui

224 391 326 427 caput
349 391 383 414 et
406 390 526 414 auctor
557 390 606 413 est
638 380 742 413 totius
776 379 948 424 corporis,
981 393 1050 412 non
1079 379 1144 413 sibi
1175 380 1359 424 perfectam

223 444 308 478 dicit
331 455 402 476 esse
420 441 601 483 laetitiam,
626 442 737 474 donec
760 441 890 486 aliquid
916 454 954 474 ex
973 441 1134 474 membris
1147 441 1262 474 deesse
1286 454 1361 474 cor-

222 505 301 551 pori
325 518 387 538 suo
413 504 552 537 videt?«
594 503 851 550 Subiectionem
882 503 975 536 illam
999 503 1102 536 simili
1126 504 1231 536 modo
1257 516 1361 549 expo-

220 567 272 601 nit
295 567 369 601 libr.
396 566 457 600 1¹1.
480 567 566 610 περὶ
590 564 731 610 ἀρχῶν,
768 578 839 610 cap.
864 565 896 600 5.
927 565 1098 608 num.‘6.‚
1127 578 1204 598 cum
1232 565 1360 607 scribit,

223 629 396 663 Christum
421 628 455 661 in
477 637 585 661 semet
608 627 684 672 ipso
708 628 993 672 complectentem
1018 640 1146 667 omnes,
1170 639 1256 672 quos
1280 628 1360 660 sub-

220 691 301 738 jecit
322 689 425 730 Patri,
450 699 484 722 et
506 689 565 735 qui
588 688 686 736 liujus
709 702 776 734 ope
799 691 942 722 salutem
966 688 1139 722 consecuti
1162 698 1256 730 sunt,
1282 702 1358 722 cum

220 752 302 798 ipsis
327 761 362 784 et
385 751 419 784 in
444 751 525 796 ipsis
550 750 643 784 Patri
676 751 865 796 subjectum
896 751 974 784 dici.
1030 750 1210 784 Subnectit
1239 760 1359 795 postea

220 827 314 847 num.
339 814 369 848 7.
413 813 470 847 »Si
495 826 574 855 ergo
600 813 690 845 bona
714 822 747 845 et
778 813 930 846 salutaris
959 812 1125 857 accipitur
1156 814 1218 845 ista
1246 811 1358 858 subje-

221 876 304 916 ctio,
329 888 394 920 qua
416 873 586 920 subjectus
610 887 682 907 esse
707 874 834 907 dicitur
858 874 968 908 Filius
991 874 1097 914 Patri,
1120 873 1217 907 valde
1241 887 1358 907 conse-

219 951 325 983 quens
349 946 383 970 et
407 937 589 969 cohaerens
615 945 681 976 est,
704 945 743 968 ut
767 935 984 969 inimicorum
1009 949 1095 982 quae
1118 936 1244 970 dicitur
1265 936 1357 970 Filio
1384 929 1388 932 ⁵

219 999 288 1033 Dei
314 1012 384 1032 esse
408 997 594 1044 subjectio,
633 998 786 1031 salutaris
815 999 980 1042 quaedam
1005 998 1213 1041 intelligatur
1235 1008 1270 1032 et
1291 999 1358 1031 uti—

221 1061 279 1094 lis:
304 1069 341 1093 ut
363 1060 451 1093 sicut
475 1073 552 1092 curn
577 1059 702 1093 dicitur
725 1059 833 1092 Filius
865 1060 957 1092 Patri
987 1059 1175 1106 subjectus,
1204 1062 1357 1106 perfecta

218 1121 395 1155 universae
426 1131 597 1154 creaturae
625 1121 795 1154 restitutio
827 1122 1034 1163 declaratum
1069 1122 1114 1155 ita
1147 1136 1225 1156 cum
1262 1123 1355 1156 Filio

218 1183 287 1217 Dei
319 1182 448 1216 inimici
481 1183 641 1216 dicuntur
671 1196 741 1216 esse
763 1182 925 1228 subjecti,
956 1183 1184 1229 subjectorum
1209 1185 1297 1218 salus
1321 1184 1356 1218 in

216 1259 260 1278 eo
285 1244 505 1287 intelligatur,
531 1255 564 1278 et
587 1244 756 1290 reparatio
780 1245 1003 1290 perditorum.
1013 1259 1030 1274 «
1085 1246 1146 1279 His
1170 1256 1356 1280 consonant

218 1320 304 1353 quae
328 1307 486 1350 leguntur
508 1307 544 1340 in
567 1307 633 1340 fine
657 1308 804 1340 Tractat.
828 1307 961 1342 XXHL
991 1308 1026 1340 in
1058 1308 1179 1343 Mauro.
1202 1322 1296 1342 num.
1319 1308 1354 1344 8·

218 1370 287 1403 Sed
314 1379 347 1402 et
369 1369 484 1413 aliqua
508 1370 550 1402 de
566 1368 778 1415 subjectione
794 1369 852 1402 illa
867 1369 949 1402 Filii
967 1370 1098 1403 disserit
1115 1371 1226 1405 Tract.
1241 1371 1352 1403 XXX.

216 1444 309 1463 num.
335 1432 389 1464 55.
415 1430 529 1474 operis
553 1430 722 1475 ejusdem,
748 1444 832 1475 quac
857 1431 1016 1476 quoniam
1041 1431 1178 1466 alterius
1200 1441 1278 1465 sunt
1300 1445 1352 1464 ar—

217 1492 384 1534 gumenti,
415 1492 659 1537 praetermitto.
713 1492 881 1525 Succedat
914 1493 1066 1526 Humilia
1091 1494 1149 1526 VI.
1182 1493 1217 1526 in
1249 1495 1350 1527 Num.

213 1566 306 1587 num.
332 1554 375 1593 4.,
400 1553 433 1586 in
458 1566 523 1598 qua
548 1554 591 1586 de
615 1553 708 1598 lepra
736 1553 925 1598 disputans,
949 1563 1091 1598 propter
1114 1568 1214 1600 quam
1238 1555 1351 1588 castris
1402 1575 1403 1587 ³

216 1616 439 1661 ejiciebantur
462 1614 521 1660 qui
553 1627 591 1647 ea
614 1615 831 1655 laborabant,
866 1615 994 1660 lepram
1028 1625 1169 1660 peccato
1204 1617 1348 1660 confert,

216 1690 358 1722 eamque
382 1689 451 1710 non
474 1672 642 1722 perpetuo
668 1690 859 1709 mansuram
885 1678 942 1717 ait,
966 1678 1024 1711 sed
1048 1678 1220 1722 completa
1245 1677 1349 1723 septi-

214 1752 311 1773 mana
338 1740 380 1771 ad
414 1748 519 1772 castra
553 1739 706 1783 leprosos
736 1748 931 1771 revocatum
964 1738 1022 1780 iri,
1061 1739 1096 1772 in
1128 1740 1194 1772 fine
1224 1752 1348 1784 nempe

213 1801 342 1842 mundi,
368 1814 445 1833 cum
468 1800 650 1851 plenitudo
675 1800 838 1834 Gentium
862 1800 1041 1841 introierit,
1066 1811 1100 1834 ct
1123 1801 1232 1834 omnis
1249 1801 1347 1834 lsrael

213 1863 323 1896 salvus
348 1862 421 1902 erit,
444 1862 572 1907 fietque
594 1876 681 1896 unus
705 1875 801 1905 grex,
834 1872 867 1895 et
897 1876 982 1895 unus
1012 1873 1146 1907 pastor.
1177 1872 1210 1896 et
1232 1863 1346 1896 Deum

212 1925 257 1958 ita
283 1937 400 1957 omnes
423 1924 626 1957 conclusisse
649 1926 711 1957 sub
735 1935 887 1969 peccato,
910 1934 948 1957 ut
973 1925 1125 1958 omnium
1150 1925 1287 1958 demum
1312 1925 1345 1958 in

214 1986 349 2020 Christo
373 1986 599 2019 misereretur.
645 1986 789 2019 Illustris
813 1996 847 2020 et
877 1987 936 2019 ille
968 1987 1064 2019 locus
1089 1999 1107 2020 e
1130 1987 1255 2021 Catena
1279 1988 1346 2021 Re-

212 2047 264 2090 gia
288 2048 323 2081 in
352 2048 474 2081 Ezech.
500 2048 548 2088 V,
583 2046 635 2082 13.
666 2060 740 2092 pag.
764 2049 841 2083 415.
891 2051 994 2083 »Καὶ
1023 2048 1344 2092 συντελεσθήσεται

212 2108 231 2144 ὁ
255 2108 375 2155 θυμός
395 2121 504 2156 ptam«
557 2111 673 2144 Τοῦτο
700 2111 824 2154 δηλοῖ,
859 2109 914 2145 ὅτι
946 2113 1057 2155 πέρας
1087 2110 1156 2150 ἕξει
1182 2110 1200 2146 ὁ
1225 2111 1344 2156 θυμὸς

207 2172 270 2206 τοῦ
294 2174 409 2214 θεοῦ,
434 2169 529 2212 ὁμοῦ
554 2172 614 2214 τῆς
637 2174 840 2211 συντελείας
864 2175 927 2208 τοῦ
952 2171 1118 2217 κόσμου·
1151 2182 1184 2205 et
1216 2172 1270 2205 hic
1301 2184 1339 2204 ex

204 2232 334 2266 Homil.
359 2233 416 2266 IV.
448 2232 484 2265 in
513 2233 659 2265 eundem
693 2235 897 2278 prophetam
936 2247 1028 2268 num.
1058 2233 1091 2270 8.
1141 2248 1157 2264 υ
1169 2234 1260 2267 Talis
1290 2243 1340 2266 est

204 2292 330 2340 justus:
360 2293 447 2328 vidit
470 2295 634 2328 mundum
659 2304 735 2328 ame
758 2295 943 2337 diluvium,
971 2297 1038 2329 hoc
1062 2305 1129 2336 est,
1158 2304 1234 2328 ante
1259 2308 1338 2328 con-
