1403 2492
154 112 225 149 220
485 112 599 146 Pam
625 113 800 147 Bais-mus
826 113 958 148 Ilm-:Tu

154 204 248 250 qnasi
273 203 340 236 alio
366 203 450 246 ignis
481 216 602 247 genere
635 204 790 237 diabolus
821 204 1020 237 cruciandus
1050 204 1110 245 sit,
1141 204 1208 238 alio
1230 205 1293 239 bo-

153 267 260 299 mines
286 265 478 300 Christiani.
526 268 642 312 Itaque
675 265 860 298 Stanislaus
893 266 1089 300 Pannonius
1114 267 1294 312 Anabapti-

154 338 202 361 sta
228 329 315 360 hunc
342 327 499 370 Origenis
523 340 739 373 propugnans
774 340 944 368 errorem,
979 327 1013 360 in
1047 328 1134 361 libro
1168 328 1210 360 de
1243 327 1294 360 di-

153 390 228 422 vina
254 389 522 434 philanthropia,
555 389 755 436 Hieronymi
787 389 1023 422 auctoritatem
1055 403 1123 423 non
1147 390 1217 422 sine
1242 402 1294 422 ra-

152 452 246 484 tione.
271 461 421 497 usurpat,
446 451 687 496 immeritoque
712 465 729 484 a
745 451 841 485 Sixto
859 451 1001 486 Senensi
1028 452 1103 485 libr.
1120 453 1176 485 Vl.
1201 451 1294 485 Bibl.

152 526 227 546 ann.
252 513 328 548 290.
356 515 400 545 ob
426 527 498 546 earn
524 527 595 546 rem
627 514 895 557 reprehenditur.
943 515 1029 567 Nam
1062 513 1213 558 quamvis
1237 525 1296 546 ne·

152 575 256 608 fariae
280 575 414 620 penitus
440 585 472 608 et
506 576 680 608 damnatae
713 576 889 608 doctrinae
919 575 1153 608 defensionem
1184 587 1296 608 susce-

151 637 242 682 perit
268 637 466 670 Haereticus
491 637 566 677 ille,
600 637 632 670 in
665 651 773 682 eoque
805 637 1023 682 impudenter
1054 637 1158 679 egisse
1188 637 1295 669 faten-

152 700 233 731 ‹lum
259 698 319 739 sit;
344 699 545 745 Hieronymi
570 709 681 731 tamen
706 699 933 744 patrocinium
957 700 1083 743 absque
1107 698 1296 743 impostura

152 769 186 792 et
211 760 400 799 mendacio,
427 773 510 805 quac
537 761 599 805 ipsi
627 761 745 807 objicit
771 761 894 801 Sixtus,
916 761 980 793 sibi
1005 760 1170 793 adsciscit.
1207 759 1293 793 Pro-

150 823 302 854 serantur
325 822 416 854 enim
442 823 522 855 licet
546 833 700 856 sexcenta
724 823 924 869 Hieronymi
941 822 1145 862 testimonia,
1171 821 1293 866 quibus

153 883 360 916 contrarium
394 884 552 926 tradidit3
584 897 690 917 unum
723 884 800 917 inde
820 875 918 918 'iltud
949 885 1116 924 eflicitur,
1147 893 1292 917 mutasse

150 945 248 978 illum
273 945 454 990 aliquando
480 946 692 986 sententiam,
716 960 778 979 nec
803 948 922 980 unic‘ae
946 960 1081 991 semper
1100 945 1292 991 opinationi

149 1006 347 1040 adhaesisse.
396 1009 443 1039 At
473 1021 534 1052 par
564 1008 637 1053 pari
669 1009 787 1041 retulit
820 1009 1066 1055 Hieronymus,
1098 1021 1165 1053 quo
1198 1007 1292 1040 Rusi-

149 1082 232 1101 num
257 1069 480 1108 remorderet,
506 1069 563 1114 qui
589 1083 665 1102 cum
691 1070 772 1104 haee
803 1071 843 1104 ad
871 1070 1080 1104 Anastasium
1106 1070 1233 1114 Papam
1257 1069 1291 1101 in

150 1131 322 1175 Apologia
346 1131 426 1162 fidei
449 1144 526 1163 suae
551 1131 754 1176 scripsisset:
790 1132 847 1165 »Si
879 1133 953 1177 quis
981 1142 1080 1175 negat
1114 1132 1293 1164 diabolum

149 1193 293 1225 aeternis
318 1192 449 1234 ignibus
473 1193 753 1238 mancipandum,
793 1203 924 1239 partem
957 1207 1033 1226 cum
1065 1193 1140 1239 ipso
1165 1193 1293 1227 aeterni

149 1254 234 1296 ignis
259 1254 420 1299 accipiat,
450 1264 488 1287 ut
519 1255 640 1288 sentiat
665 1257 760 1301 qnod
783 1255 963 1298 negavitz«
998 1255 1032 1288 in
1061 1255 1292 1301 suspicionem

150 1327 263 1350 tamen
288 1326 430 1349 assertae
456 1317 585 1350 diaboli
609 1318 725 1351 salutis
751 1331 872 1350 vocare
898 1318 1037 1350 tentavit
1062 1318 1290 1364 Hieronymus

148 1380 299 1424 Apolog.
325 1379 369 1411 II.
395 1392 466 1423 cap.
493 1379 533 1420 1.‚
559 1393 632 1413 eam
656 1393 675 1413 a
705 1393 740 1413 se
772 1380 853 1413 licet
882 1379 1111 1425 suspicionem
1143 1380 1290 1425 propul-

148 1454 221 1474 sare
246 1440 388 1473 Rufinus
414 1441 583 1474 lnvectiva
614 1443 723 1487 prima
755 1443 949 1476 laborasset.
1003 1443 1131 1474 Verum
1162 1445 1289 1474 omisso

148 1503 215 1536 hoc
238 1502 354 1536 Rufini
379 1503 477 1543 loco,
510 1516 610 1548 quem
643 1517 712 1536 non
741 1504 812 1536 sine
843 1503 1057 1536 cavillatione
1091 1504 1125 1536 in
1155 1503 1291 1548 sequio-

148 1579 221 1598 rem
245 1564 331 1597 trahi
356 1577 456 1609 posse
479 1578 612 1597 sensum
636 1575 811 1610 putamus,
848 1574 962 1610 aperte
989 1564 1108 1597 definit
1127 1565 1166 1596 -ἱη
1191 1565 1289 1609 Sym-

147 1627 231 1660 bolo
256 1626 470 1671 sempiternis
503 1626 642 1671 quidem
669 1627 846 1660 tormentis
880 1627 1098 1660 cruciandum
1123 1639 1193 1659 esse
1219 1627 1290 1659 dia—

148 1690 287 1730 bolum3
318 1697 431 1721 sontes
464 1701 545 1720 vero
577 1688 749 1729 homines,
790 1689 1005 1734 temporariis
1043 1698 1077 1721 et
1105 1688 1288 1733 aliquando

148 1751 314 1784 finiendis.
361 1751 446 1783 Nam
473 1750 553 1795 quid
580 1751 671 1783 aliud
694 1751 758 1784 sibi
784 1752 871 1797 yelle
897 1759 1020 1795 potest,
1045 1763 1121 1783 cum
1145 1751 1291 1784 affirmat

148 1815 320 1853 futurum,
362 1822 399 1844 ut
430 1822 625 1857 peccatos-es
660 1816 802 1858 »absque
841 1813 1035 1846 interitione
1069 1826 1128 1846 sua
1159 1813 1289 1846 debitas

151 1877 243 1908 luant
267 1874 442 1920 poenas?«
484 1885 516 1907 et
542 1875 634 1920 justis
661 1876 796 1920 quidem
832 1893 848 1906 n
860 1876 1122 1920 perpetuitatem
1149 1875 1288 1917 gloriae,

148 1937 385 1983 peccatoribus
417 1946 529 1969 autem
563 1937 792 1983 prolixitatem
832 1937 1039 1970 confusionis
1070 1946 1103 1969 et.
1134 1950 1285 1981 poenae«

148 2001 243 2033 Deus
268 1998 460 2031 ministret?
484 2000 588 2031 Recte
608 1999 745 2044 quidem
771 2009 803 2031 et
829 2012 866 2032 ex
893 1998 1054 2032 ecclesiae
1078 1999 1287 2043 praescripto

150 2063 191 2094 de
214 2074 403 2106 poenarum
429 2060 638 2105 perennitate
664 2061 831 2093 disserunt
863 2061 1124 2108 Chrysostomus
1159 2069 1192 2093 et
1218 2062 1286 2093 Au-

149 2123 308 2166 gustinus,
333 2124 561 2167 sed'uterque
593 2132 704 2155 tamen
741 2124 912 2168 peculiare
938 2124 1023 2156 illud
1049 2124 1168 2162 habet,
1194 2124 1287 2168 quod

151 2185 316 2217 cruciatus
341 2186 595 2224 damnatorum,
627 2185 653 2217 si
680 2185 788 2218 minus
814 2186 921 2226 finiri,
959 2196 991 2219 at,
1016 2186 1171 2218 vivorum
1196 2195 1285 2222 certe.

149 2247 305 2292 precibus
330 2256 362 2278 et
387 2245 556 2278 sacrificiis
581 2247 725 2289 mitigari
758 2248 909 2292 putavit·‚
940 2247 993 2280 hic.
1023 2248 1056 2280 iu
1088 2246 1284 2280 Enchiridio

149 2311 190 2342 ad
225 2308 436 2342 Laurentium
471 2309 640 2353 ‹·ap.11().
675 2319 707 2342 et
733 2310 826 2349 ¹112,
865 2310 920 2342 ille
954 2309 987 2342 iu
1027 2311 1072 2344 ΙΙΙ
1099 2308 1224 2342 Homil.
1252 2308 1283 2340 iu
