1403 2492
155 51 199 86 56
496 55 608 89 Pmm
633 56 804 90 omnus
829 55 961 89 Hunni

159 154 342 186 aquam.“«
394 144 465 176 Nec
489 146 597 179 minus
624 147 712 179 clarc
738 146 827 178 idem
848 145 1004 191 exprimit
1037 145 1095 179 lib.
1121 146 1179 178 ΙΙΙ.
1212 148 1293 191 περὶ

160 204 295 251 ἀρχῶν,
323 218 394 251 cap.
420 206 451 241 4.
476 220 568 242 num.
593 208 625 242 2.

252 267 371 309 Arguit
395 268 476 302 haec
501 283 638 315 quoque
664 270 786 303 erroris
809 269 986 303 Jansenius
1010 269 1111 304 Tom.
1138 270 1162 303 l.
1189 269 1247 303 lib.
1264 269 1296 303 2.

162 341 233 373 cap.
259 329 290 363 5.
341 344 357 358 »
369 330 486 376 Neque
505 345 622 372 vero‚«
650 332 770 377 inquit,
798 331 954 374 »Pelagii
970 340 1111 370 tantum,
1137 330 1296 372 Cassiani,

160 399 261 434 atque
286 390 442 433 Origenis
466 393 530 426 fuit
554 393 613 426 ista
640 394 681 426 de
706 395 884 427 affectibus
904 392 1112 426 naturalibus
1137 392 1235 425 bonis
1259 405 1298 425 ae

160 451 258 484 malis
291 465 330 485 ex
362 454 433 496 lege
466 455 609 488 naturali
642 465 741 500 atque
767 469 864 489 carne
888 454 1156 501 prodeuntibus,
1187 467 1225 487 ac
1255 454 1297 487 de

159 513 270 547 anima
294 514 381 548 inter
411 526 572 562 utrosque
603 517 716 550 media
739 517 834 551 istius
860 516 1049 562 Apostolici
1075 516 1144 549 loci
1167 515 1300 561 exposi-

159 575 221 616 tio,
245 577 304 609 sed
336 578 489 611 omnium
522 579 663 612 omnino
694 579 971 622 Pelagiauorum,
1001 591 1147 623 quorum
1176 578 1301 623 scripta

161 637 277 671 videre
301 640 438 684 potui.·‹
489 642 547 676 Sic
579 651 691 674 tamen
717 642 946 688 Hieronymus
977 640 1010 673 in
1036 639 1132 685 epist.
1157 641 1197 673 ad
1223 640 1300 676 Gal.

161 699 202 739 V,
231 700 281 734 17.
334 700 447 734 »Caro
473 704 706 748 praesentibus
731 704 920 737 delectatur
944 713 977 736 et
1000 703 1177 743 brevibus;
1199 702 1298 746 spiri-

161 770 214 794 tus
239 763 412 808 perpetuis
438 774 471 797 et
495 765 628 798 futuris.
680 767 769 798 lnter
794 767 859 799 hoc
884 765 1028 812 jurgium
1053 763 1165 796 media
1189 764 1299 796 anima

163 824 332 864 consistit,
365 826 489 858 habens
523 828 660 872 quidem
692 827 727 860 in
750 840 809 860 sua
832 837 999 872 potestate
1021 826 1150 859 bonum
1175 835 1209 858 et
1232 839 1303 858 ma-

161 886 252 928 lum;
278 887 365 919 velle
392 898 424 920 et
448 889 579 922 nollem
629 890 674 922 Et
704 879 934 934 paulopost:
968 887 1104 932 »Quod
1136 897 1174 920 ut
1196 887 1302 921 mani-

160 947 277 981 {estius
318 950 392 989 fiat,
432 951 572 995 aliquod
611 964 780 983 sumamus
800 950 1024 995 exemplum:
1061 963 1157 990 care,
1196 959 1302 991 ten-:13

161 1010 290 1051 anima,
315 1024 455 1053 aurum;
479 1012 634 1057 spiritus,
668 1013 750 1054 iguis
776 1021 926 1045 vocetur.
987 1012 1160 1056 Quamdiu
1184 1024 1302 1044 aurum

162 1072 265 1105 fuerit
289 1073 323 1105 in
347 1083 452 1114 terra,
482 1075 597 1120 perdit
629 1073 832 1108 vocabulum
864 1087 982 1113 suum,
1012 1083 1046 1106 et
1070 1086 1088 1106 a
1113 1083 1217 1114 terra,
1248 1073 1302 1106 cui

164 1135 386 1168 commixtum
411 1145 471 1176 est,
495 1136 699 1181 appellatur.
746 1135 832 1169 Cum
859 1148 938 1168 vero
963 1145 1152 1180 separatum
1177 1136 1219 1169 ab
1242 1135 1304 1168 hu-

163 1209 233 1237 mo,
257 1197 328 1229 auri
355 1207 387 1231 et
411 1199 558 1243 speciem
586 1208 619 1231 et
643 1211 768 1231 nomen
792 1196 980 1241 acceperit,
1014 1210 1134 1230 aurum
1164 1196 1301 1242 quidem

163 1258 305 1299 dicitur,
343 1261 404 1293 sed
441 1273 503 1293 nec
536 1261 617 1293 dum
653 1261 847 1305 probatum.
901 1259 938 1292 Si
964 1269 1077 1292 autem
1108 1259 1303 1304 perignem

164 1330 340 1353 excoctum
371 1322 472 1355 {uerit
505 1332 538 1355 et
563 1323 763 1367 probatum,
796 1332 876 1354 tunc
899 1321 971 1353 auri
993 1321 1233 1366 splendorem,
1270 1330 1304 1354 et

164 1391 301 1415 ornatus
325 1382 377 1415 sui
400 1383 521 1428 accipit
545 1384 751 1426 dignitatem.
800 1384 850 1415 Ita
882 1392 915 1415 et
946 1382 1056 1416 anima
1085 1382 1218 1424 inter¹)
1237 1381 1305 1414 hu-

163 1457 257 1476 mum
282 1454 315 1477 et
339 1445 461 1487 ignem,
485 1446 551 1478 hoc
576 1455 626 1478 est
649 1446 738 1478 inter
761 1457 912 1484 carnem,
942 1444 1164 1489 spiritumque
1197 1442 1305 1476 consi-

162 1515 263 1547 stens,
287 1507 422 1551 quando
447 1520 482 1540 se
507 1506 681 1540 tradiderit
703 1506 804 1546 carni,
830 1519 906 1538 caro
928 1505 1066 1547 dicitur;
1091 1504 1226 1550 quando
1238 1503 1306 1548 spi·

167 1568 258 1608 ritui,
282 1568 418 1613 spiritus
442 1568 643 1614 appellatur.
655 1582 671 1596 u
722 1568 779 1602 Sic
811 1577 844 1601 et
875 1566 1079 1610 Augustinus
1112 1566 1168 1599 lib.
1194 1566 1238 1599 X.
1263 1565 1304 1598 de

165 1629 289 1663 Genesi
314 1631 356 1662 ad
380 1630 467 1663 liter.
493 1643 565 1675 cap.
593 1630 647 1666 12,
678 1630 822 1663 animam
853 1639 1012 1674 tanquam
1042 1628 1077 1661 in
1100 1626 1216 1661 medio
1240 1639 1306 1671 po-

163 1691 272 1733 sitam,
297 1705 539 1737 nonnunquam
565 1705 584 1724 a
609 1705 706 1725 carne
730 1693 772 1725 ad
787 1691 864 1724 vitia
885 1690 1040 1735 deprimi,
1064 1702 1303 1734 nonnunquam

164 1767 182 1787 a
206 1753 326 1799 spiritu
357 1754 399 1786 ad
424 1753 582 1787 virtutem
614 1753 695 1796 erigi
719 1753 843 1792 scribit.
881 1752 976 1786 Sicut
996 1761 1107 1785 autem
1124 1751 1166 1784 ad
1181 1760 1306 1783 utram-

166 1828 231 1860 que
256 1825 406 1860 partem,
444 1815 607 1848 virtutem
636 1825 670 1849 et
703 1814 838 1854 vitium,
874 1814 1012 1846 allicere
1042 1826 1104 1845 nos
1133 1814 1243 1845 bonos
1267 1825 1306 1845 ae

164 1877 272 1910 malos
309 1876 444 1919 angelos
481 1877 564 1910 dixit
600 1877 762 1919 Origenes
802 1876 860 1912 lib,
887 1876 911 1908 l.
944 1875 978 1907 in
1011 1874 1106 1919 epist.
1138 1875 1180 1907 ad
1206 1874 1305 1907 Rom.

165 1951 257 1971 num.
285 1938 356 1979 18.,
396 1940 483 1972 hunc
524 1940 744 1984 interpretans
776 1936 873 1970 Pauli
904 1936 1035 1975 locum,
1070 1935 1126 1980 qui
1164 1936 1307 1968 habetur

167 1999 243 2033 Gal.
270 2001 308 2040 V,
334 2001 399 2040 17.,
423 2000 467 2033 ita
492 2010 671 2046 postquam
697 2000 729 2032 in
757 1999 873 2031 eadem
898 1998 995 2031 Pauli
1021 1998 1123 2030 verba
1148 1996 1306 2039 Augusti·

165 2073 228 2093 nus
253 2073 292 2093 ea
317 2061 483 2102 disseruit,
509 2073 593 2107 quae
617 2073 716 2105 supra
741 2059 911 2092 attulimus
939 2072 955 2091 e
972 2058 1164 2091 LXXXIII.
1193 2057 1306 2101 Quae·

166 2121 343 2162 stionibus,
369 2122 506 2166 Quaest.
533 2121 589 2156 70.
615 2122 709 2155 addit
733 2121 873 2154 deinde:
912 2122 1036 2154 »Nunc
1072 2119 1230 2166 quamdiu
1255 2130 1304 2152 est

261 2245 292 2289 ¹)
319 2245 404 2280 Edd.
432 2245 565 2280 Huctii:
596 2245 707 2278 »inter
732 2255 765 2278 ct
787 2245 926 2279 humum
951 2254 985 2277 et
1009 2244 1156 2286 ignem.«
