1403 2492
392 131 704 164 Onmsssmsonum
732 127 844 159 Lmen
871 126 911 159 11.
1167 132 1210 167 49

68 219 284 254 amissibilem
317 228 349 251 et
380 218 473 264 qnasi
505 216 714 250 essentialem
740 216 774 248 in
799 215 892 248 omni
918 225 1003 249 statu
1030 217 1126 251 liberi
1153 233 1205 252 ar-

69 282 161 315 bitrii
194 280 457 314 indifferentiam
490 279 530 311 ad
562 279 691 310 bonum
723 286 756 310 et
785 277 931 318 malum,
970 279 1205 326 exclusamque

67 343 204 376 alterius
228 343 332 387 partis
357 340 601 379 necessitatem,
627 353 664 372 ex
689 339 740 380 iis,
766 352 852 384 quae
872 339 960 372 libro
978 343 1127 375 secundo
1154 344 1205 376 di-

68 405 192 445 ximus,
227 403 369 445 intelligi
403 411 532 447 potest:
569 402 650 434 haec
683 410 731 433 est
764 401 852 433 enim
878 401 982 434 totius
1007 403 1203 446 pelagianae

68 475 254 500 structurae
289 465 376 498 basis
414 477 501 508 pene
544 463 736 508 praecipua.
800 463 869 496 Sed
909 463 1003 496 illam
1041 466 1205 509 Origenes

69 528 226 561 omnibus
257 525 404 560 numeris
434 525 624 558 absolutam
656 524 804 558 tradidit.
860 524 975 570 Usque
1000 526 1086 559 adeo
1112 541 1205 561 nam-

68 603 133 635 que
157 587 414 634 philosophicae
447 586 541 619 istius
574 586 739 619 libertatis
769 586 970 626 admirator,
1006 597 1038 620 et
1068 588 1206 623 indiffe-

68 651 194 684 rentiae
220 651 261 682 ad
286 651 414 682 bonum
441 657 473 680 et
497 648 624 680 malum
649 657 809 693 patronus
834 648 909 687 fuit,
932 657 969 681 ut
994 648 1052 681 illa
1074 651 1205 684 sublata

68 714 175 747 brutis
188 722 244 746 aut
260 710 428 756 lapidibus
441 709 613 742 hominem
631 710 876 742 accensendum
892 723 960 742 esse
975 711 1203 745 decerneret.«

69 777 164 809 Idem
188 786 322 821 quoque
342 771 482 814 Origeni
501 771 655 816 superius
681 772 940 816 exprobraverat
965 772 1103 807 Tom.I.
1129 775 1206 812 libr,

68 838 99 871 2.
127 850 199 881 cap.
223 836 254 869 4.
281 844 315 867 et
337 834 368 868 5.
418 833 523 877 Quod
555 833 582 865 si
615 833 716 875 igitur
740 834 781 865 ab
806 846 846 865 eo
871 835 1024 878 profecta
1052 845 1100 867 est
1126 836 1206 869 haec

69 898 186 944 opinio
210 898 252 930 de
277 906 394 929 natura
420 894 584 928 libertatis
610 895 720 940 posita
752 894 789 927 in
822 894 1053 929 indifferentia
1077 898 1118 930 ad
1142 899 1204 930 ho-

68 973 160 1000 num,
184 959 239 992 vel
263 959 408 998 malum,
441 957 574 990 exclusa
596 956 732 990 alterius
759 956 862 1001 partis
886 957 1095 1000 necessitate,
1120 973 1206 1004 quo-

67 1022 172 1055 modo
197 1021 289 1054 idem
313 1020 372 1052 ille
388 1019 552 1061 Origenes
568 1018 800 1052 necessitatem
821 1019 1046 1052 voluntariam
1071 1030 1104 1054 et
1127 1021 1207 1055 sim-

68 1083 194 1128 plicem
221 1095 296 1115 cum
321 1082 475 1114 libertate
502 1080 706 1126 conjungere
730 1079 871 1125 potuit?

160 1145 218 1176 lV.
265 1145 393 1177 Verum
425 1152 463 1175 ut
494 1141 528 1174 in
561 1141 752 1174 definienda
783 1140 911 1174 arbitrii
946 1142 1081 1175 humani
1107 1144 1206 1177 liber-

70 1216 136 1239 tate
160 1215 289 1238 rectum
324 1204 389 1237 iter
421 1203 529 1236 tenuit
561 1203 745 1245 Origenes,
777 1215 846 1235 non
878 1202 998 1235 itidem
1030 1204 1063 1236 in
1089 1205 1205 1239 distin-

70 1267 199 1309 guenda
224 1276 359 1299 naturae
384 1265 551 1307 integrae,
583 1278 621 1298 ac
651 1274 789 1297 naturae
813 1265 926 1309 lapsae
951 1265 1104 1299 libertate
1129 1267 1207 1300 satis

70 1328 226 1362 adhibuit
250 1327 408 1360 examinis
434 1336 467 1359 et
492 1325 675 1359 cautionis:
709 1325 830 1358 nullibi
864 1325 992 1371 quippe
1025 1327 1205 1361 discrimen

71 1391 178 1423 ullum
210 1390 297 1422 inter
325 1398 501 1433 utramque
534 1388 724 1420 libertatem
757 1388 799 1420 ab
833 1400 874 1420 eo
898 1388 1084 1421 adhibitum
1110 1403 1204 1434 repe<

71 1453 146 1492 rias,
171 1461 204 1484 et
227 1464 326 1496 saepe
350 1459 487 1483 naturae
514 1448 669 1489 cuilibet,
701 1461 785 1493 quae
817 1447 956 1481 rationis
987 1463 1128 1495 compos
1153 1453 1206 1491 sit,

71 1526 304 1559 quemcunque
330 1513 467 1544 demum
493 1511 648 1543 ordinem
672 1511 793 1555 adepta
817 1509 870 1550 sit,
895 1513 1069 1556 aequalem
1088 1513 1208 1547 tribuit

71 1575 167 1608 liberi
199 1573 329 1607 arbitrii
362 1573 576 1613 facultatem,
602 1581 636 1604 et
659 1586 775 1612 usum,
805 1581 844 1605 ut
867 1586 967 1617 supra
992 1573 1121 1607 dictum
1148 1586 1206 1609 est.

72 1639 181 1682 Atque
206 1636 233 1669 is
257 1649 341 1668 unus
366 1635 429 1667 suit
461 1647 478 1666 e
510 1633 701 1679 praecipuis
734 1633 993 1676 Pelagianorum
1026 1637 1207 1677 erroribus,

71 1698 206 1744 paribus
231 1698 330 1730 liberi
355 1696 484 1728 arbitrii
511 1695 636 1728 viribus
662 1696 851 1740 pollentem
876 1697 1008 1730 finxisse
1033 1699 1207 1732 hominem

72 1760 172 1793 hodie
196 1767 411 1797 nascentem,
442 1756 583 1801 parique
610 1756 752 1801 justitia,
783 1757 962 1802 sapientia,
993 1760 1134 1805 aliisque
1158 1761 1208 1793 in-

70 1831 232 1854 structum
271 1819 427 1859 dotibus,
466 1818 572 1862 qualis
603 1830 620 1850 a
653 1818 729 1850 Deo
764 1819 919 1851 conditus
951 1820 1015 1852 fuit
1050 1823 1207 1855 Adamus.

74 1883 274 1925 Attamen¹)
310 1881 338 1914 si
367 1880 551 1926 perfricare
582 1879 724 1912 velimus
756 1881 922 1922 frontem,
961 1890 994 1914 et
1025 1882 1208 1925 Origenem

170 2032 200 2076 ¹)
226 2033 303 2064 Non
336 2045 539 2078 magnopere
573 2033 637 2066 sibi
668 2032 881 2077 perfricanda
914 2033 1007 2066 frons
1040 2043 1104 2067 est:
1137 2034 1207 2079 ipse

72 2088 160 2121 enim
187 2087 349 2130 Origenes
372 2089 533 2132 expressis
559 2090 667 2123 verbis
693 2089 930 2134 exceptionem
965 2090 1048 2122 hanc
1073 2091 1208 2124 adhibet

72 2144 130 2177 lib.
156 2143 217 2176 Ill.
243 2143 277 2175 in
303 2157 354 2188 ep.
387 2143 428 2175 ad
454 2144 553 2177 Rom.
587 2157 658 2189 cap.
683 2145 714 2180 3.
747 2159 838 2178 num.
861 2145 891 2180 3.
917 2146 957 2178 ad
984 2146 1064 2178 haec
1088 2148 1207 2179 verba:

74 2199 257 2232 11»Omnes
281 2198 555 2240 declinaverunt,
577 2200 677 2233 simul
702 2201 837 2234 inutiles
862 2201 941 2234 sacti
966 2210 1107 2234 sunt.««
1137 2203 1207 2247 (Ps,

71 2255 164 2295 XlV,
188 2254 237 2299 3.)
266 2255 379 2287 ”Mihi
404 2254 566 2295 videtur,«
593 2256 712 2301 inquit,
740 2258 857 2302 »quod
872 2270 940 2290 non
962 2256 1087 2290 dicitur
1106 2258 1209 2290 ‹leeli-

73 2323 176 2350 nasse,
201 2310 262 2342 nisi
287 2310 325 2350 is,
351 2310 409 2355 qui
434 2310 614 2355 aliquando
640 2312 673 2344 in
699 2312 750 2345 via
774 2323 864 2346 recta
889 2313 991 2346 stetit.
1027 2313 1125 2346 Unde
1151 2327 1208 2357 ap·

117 2366 294 2406 Omoems
321 2372 457 2406 OPERA.
485 2373 581 2407 Tom.
607 2374 740 2406 XXIII.
988 2375 1009 2409 4
