1403 2492
195 113 262 149 198
525 113 638 147 Pam
669 113 842 146 Das-mus
865 112 997 147 Hussru

289 202 401 237 XVII.
447 202 671 248 Perspicuum
695 203 773 236 hinc
798 212 857 244 est,
882 216 950 236 non
967 202 1047 236 alias
1062 202 1233 237 admisisse
1252 217 1337 250 poe-

198 278 256 299 nas
280 265 476 307 Origenem,
501 278 601 310 quam
626 264 812 310 piaculares
833 275 866 298 et
881 264 1120 310 temporarias;
1145 265 1336 310 cujusmodi

198 336 274 360 sunt
304 327 518 372 purgatoriae
549 327 647 367 illae,
686 340 767 371 quas
807 328 948 360 ecclesia
981 327 1147 360 catholica
1177 328 1336 369 agnoscit.

198 389 266 422 Sed
294 398 327 422 et
350 389 558 422 manifestius
585 389 670 421 illud
697 398 746 421 est
770 402 809 422 ex
833 402 894 429 eo,
925 390 1018 434 quod
1041 390 1183 422 habetur
1206 389 1337 424 Homil.

197 451 293 485 vm.
316 451 351 483 in
376 451 502 492 Levit.‚
533 450 592 483 ubi
619 464 716 492 age-ns
742 451 783 484 de
809 464 995 496 puerpera,
1026 451 1119 497 juxta
1142 451 1264 484 veteris
1291 451 1340 484 le-

197 511 244 554 gis
268 513 525 559 praescriptum,
548 526 611 558 per
633 522 765 557 septem
790 513 861 546 dit-s
886 513 1076 572 immunda,
1100 513 1126 547 si
1151 513 1337 546 masculum

196 574 401 619 peperisset·‚
432 588 495 620 per
525 575 802 620 quatuordecim,
840 575 867 607 si
898 575 1077 616 feminam,
1113 575 1339 620 septimanam

196 635 281 670 hanc
304 637 488 682 praesentis
512 637 600 669 vitae
625 646 759 681 tempus
785 650 855 669 esse
881 637 980 676 dicit,
1012 650 1077 682 per
1100 638 1192 682 quod
1215 650 1338 682 usque-

197 710 329 744 quaque
360 699 478 732 mundi
511 712 581 732 esse
613 712 682 731 non
714 711 912 743 possumus,
943 698 1006 732 nisi
1040 709 1178 732 octavus
1211 700 1338 732 venerit

197 759 281 801 dies,
305 761 411 793 futuri
434 774 558 806 nempe
583 760 709 794 saeculi
740 769 896 805 tempus:
929 762 995 794 »in
1028 774 1096 806 quo
1132 770 1245 794 tamen
1270 761 1336 801 die,

195 820 306 866 inquit
330 836 421 855 num.
445 823 489 863 4.,
513 822 540 856 si
564 823 731 855 masculus
757 832 824 862 est,
849 831 883 855 et
906 822 1051 856 viriiiter
1075 825 1197 867 egerit,
1221 824 1334 857 statim

194 882 229 916 in
254 883 329 929 ipso
353 885 500 917 adventu
522 884 629 917 futuri
652 883 779 917 saeculi
805 878 986 929 purgatur,
1016 895 1049 918 et
1071 885 1184 919 statim
1210 886 1336 919 munda
1381 918 1386 922 ,

196 946 345 979 efficitur
368 956 486 987 mater,
512 959 596 991 quae
621 946 736 988 genuit
763 959 857 978 eum:
884 957 1058 991 purgat-‘un
1075 961 1219 993 namque
1245 948 1333 982 vitiis

195 1020 329 1041 carnem
355 1021 394 1041 ex
417 1008 665 1041 resurrectione
693 1007 843 1052 recipiet.
901 1008 938 1042 Si
964 1023 1043 1042 vero
1068 1009 1153 1042 nihil
1179 1010 1335 1043 habuerit

194 1068 291 1103 virile
316 1071 494 1103 adversum
516 1079 706 1115 peccatum,
730 1070 790 1102 sed
813 1071 970 1103 remissus
989 1081 1021 1103 et
1042 1072 1256 1104 effeminatus
1270 1073 1335 1105 suit

193 1130 228 1164 in
252 1132 380 1165 actibus
404 1132 490 1172 suis,
515 1132 607 1177 eujus
631 1141 809 1176 peccatum
833 1132 899 1164 tale
926 1142 986 1171 est,
1011 1133 1103 1178 quod
1127 1146 1197 1166 non
1219 1134 1336 1167 remit-

195 1203 303 1235 tatur,
340 1207 451 1239 neque
482 1193 518 1226 in
541 1193 710 1238 praesenti
734 1193 890 1234 saeculo,
914 1207 1024 1240 neque
1049 1194 1082 1227 in
1108 1196 1240 1228 futuro:
1271 1197 1334 1229 iste

194 1256 312 1289 transit
343 1266 376 1290 et
406 1269 508 1289 unam
540 1265 574 1288 et
596 1255 696 1288 aliam
720 1255 943 1300 septimanam
968 1257 1000 1290 in
1026 1257 1240 1290 immunditia
1264 1271 1333 1299 sua,

196 1327 230 1351 et
254 1319 353 1352 tertia
383 1319 520 1351 demum
552 1317 737 1362 incipiente
770 1318 899 1350 oboriri
932 1318 1137 1363 septimana,
1172 1331 1334 1365 purgatur

194 1382 236 1413 ab
260 1381 488 1421 immunditia,
514 1394 613 1425 quam
638 1379 798 1412 seminam
814 1380 978 1424 pariendo
1000 1382 1195 1415 contraxit.«
1236 1381 1334 1427 Ejus-

194 1442 272 1475 dem
306 1442 435 1485 generis
467 1451 517 1475 est
546 1441 637 1474 istud
668 1454 706 1474 ex
738 1442 867 1474 Homil.
890 1441 984 1475 le.
1016 1442 1050 1475 in
1080 1443 1160 1477 Luc.
1217 1444 1334 1478 »Sicut

193 1504 358 1549 scriptum
384 1513 434 1536 est
458 1503 491 1536 in
518 1503 608 1545 lege:
638 1503 665 1536 si
689 1505 877 1536 masculum
902 1503 1035 1548 peperit
1060 1514 1176 1545 mater,
1199 1514 1331 1550 septem

193 1566 313 1599 diebus
342 1575 450 1599 mater
480 1565 611 1598 sedebit
642 1564 676 1597 in
707 1564 865 1607 sanguine
896 1564 1092 1607 immundo,
1130 1579 1172 1599 ac
1209 1567 1332 1601 deinde

191 1627 328 1670 triginta
351 1627 458 1660 tribus
482 1627 516 1661 in
540 1627 699 1671 sanguine
722 1640 830 1672 puro;
861 1636 894 1660 et
924 1628 966 1660 ad
992 1637 1178 1661 extremum
1204 1638 1237 1661 et
1260 1628 1332 1674 ipse

191 1690 298 1724 infans
322 1691 454 1723 sedebit
476 1691 511 1723 in
534 1689 694 1731 sanguine
718 1689 918 1734 purissimo:
958 1689 1005 1722 sic
1037 1690 1114 1734 quia
1149 1690 1202 1722 lex
1232 1691 1331 1736 spiri-

191 1753 292 1786 tualis
317 1761 377 1793 est,
401 1761 435 1785 et
457 1753 612 1785 umbram
638 1752 737 1784 habet
764 1752 958 1783 futurorum
990 1753 1182 1793 bonorum,
1213 1766 1331 1798 possu-

191 1829 265 1848 mus
297 1815 485 1858 intelligere
524 1814 761 1860 purgationem
802 1827 914 1846 veram
951 1814 1050 1846 nobis
1088 1814 1223 1847 evenire
1254 1825 1332 1859 post

192 1887 336 1922 tempus,
384 1877 457 1919 Ego
482 1886 580 1922 puto,
603 1877 697 1921 quod
723 1884 755 1908 et
780 1885 856 1920 post
878 1875 1159 1908 resurrectionem
1177 1890 1214 1908 ex
1239 1890 1330 1909 mor-

193 1939 259 1972 tuis
284 1939 491 1982 indigeamus
515 1947 724 1972 sacrnmento
759 1939 892 1970 eluente
924 1951 986 1970 nos
1018 1947 1116 1982 :itque
1148 1948 1330 1983 purgante;

190 2015 293 2035 nemo
320 2001 408 2034 enim
435 2002 560 2046 absque
585 2000 741 2033 sordibus
765 2013 936 2041 resurgere
962 1999 1105 2044 poterit,
1137 2012 1198 2032 nec
1221 2000 1328 2032 ullam

190 2077 289 2108 posse
321 2064 464 2096 animam
498 2062 656 2107 reperiri,
698 2074 781 2106 quae
818 2060 980 2094 universis
1012 2061 1123 2095 statim
1156 2061 1243 2094 vitiis
1277 2075 1329 2094 ca-

189 2135 289 2159 reat.«
339 2125 474 2158 Erroris
499 2134 615 2157 notam
639 2123 762 2156 merito
796 2124 845 2156 his
870 2114 974 2156 inurit
997 2123 1223 2156 Belinrminus
1250 2124 1326 2159 libr.

189 2187 230 2220 li.
257 2187 298 2218 de
324 2185 521 2230 purgatorio
548 2199 619 2230 cap.
643 2185 693 2226 9.,
719 2186 812 2230 quod
838 2199 876 2217 ex
901 2184 1095 2230 Scripturae
1121 2186 1225 2218 effato
1250 2196 1326 2230 post

188 2248 471 2281 resurrectionem
511 2257 543 2280 et
580 2247 743 2292 judicium
783 2247 876 2280 nulla
907 2248 1052 2292 supersit
1083 2247 1326 2281 emendationis

187 2324 273 2355 spes.
324 2314 366 2343 At
393 2323 428 2342 ea
455 2310 615 2343 mendosa
641 2323 721 2352 esse,
749 2319 780 2343 et
807 2309 888 2343 vitio
923 2309 1135 2343 librariorum
1167 2318 1325 2353 corrupto
