1403 2492
378 112 689 146 Oamemmonum
712 111 827 145 mez
853 113 892 146 11.
1154 115 1198 150 63

65 216 197 244 sumus,
228 203 280 235 vol
307 202 469 245 cogitare,
503 201 555 234 vel
580 201 760 245 proloqui,
792 201 897 246 ipsius
923 203 1014 235 dono
1039 212 1073 236 et
1099 203 1196 246 largi-

66 265 158 298 tione
190 265 361 298 faciamus.
424 263 527 307 Quod
559 275 637 304 ergo
670 262 733 295 erit
765 263 917 296 debitum
949 264 1060 308 illius,
1099 265 1194 311 cujus

66 327 168 369 gratia
207 340 268 359 nos
300 325 526 370 praecessit?u
563 333 595 356 et
625 323 678 356 hic
710 337 727 356 e
753 324 827 357 libr.
853 325 894 360 V.
918 325 951 357 in
976 327 1116 359 eandem
1142 339 1195 371 ep.

65 402 154 422 num.
182 388 211 422 1.
240 387 373 431 »Quod
398 400 474 429 ergo
500 386 597 419 dixit:
626 395 754 430 »npost
774 386 804 430 ¹)
831 386 969 419 dies:««
996 388 1061 420 hoc
1086 397 1197 421 osten-

67 451 132 489 dit,
157 449 232 494 quia
255 449 372 494 primis
397 449 531 494 quidem
559 447 643 480 vitae
667 460 746 480 suae
770 448 889 480 diebus
918 459 1076 494 paternae
1101 462 1198 495 prae-

67 511 278 544 varicationis
310 510 572 544 institutionibus
604 510 782 542 tenebatur
813 510 968 555 (Abeh)
1000 521 1078 556 post
1117 512 1197 544 illos

67 587 148 606 vero
174 573 261 612 dies,
294 573 352 605 ubi
376 571 534 616 resipuit,
564 570 621 602 ubi
655 571 800 615 respexit
832 572 875 604 ad
899 573 1031 613 Deum,
1061 582 1198 606 naturae

70 637 141 678 lege
165 634 406 672 commonitus,
436 633 559 665 dicitur
582 641 662 665 tunc
688 633 849 666 obtulisse
874 633 1019 666 hostiam
1042 634 1151 667 Deo«

159 697 220 730 XI.
254 696 440 740 Postquam
471 695 513 726 de
545 694 616 736 lege
641 704 777 727 naturae
801 696 888 728 male
912 695 1050 728 sensisse
1079 695 1200 737 Orige-

67 771 144 791 nem
169 758 407 790 demonstravit
431 756 606 790 Jansenius
631 756 730 790 Tom.
756 758 782 791 Ι.
810 756 868 791 lib.
893 757 923 791 6.
950 770 1021 802 cap.
1041 757 1105 797 14„
1129 770 1198 789 non

68 819 197 853 saniora
222 819 394 864 opinatum
419 818 520 851 fuisse
547 819 587 850 de
614 818 686 860 lege
706 818 814 851 Mosis
840 829 980 852 conatur
1003 820 1202 853 ostendere:

70 881 123 915 cui
148 881 403 926 comprobando
429 881 531 912 affert
554 880 640 912 illud
668 893 684 912 e
705 880 778 913 libr.
794 882 850 914 IV.
876 881 909 913 in
928 881 1023 926 epist.
1042 882 1080 913 ad
1099 882 1200 914 Rom.

68 957 158 976 num.
185 943 212 977 1.
253 942 417 975 »Initium
453 955 595 986 namque
633 941 804 987 justificari
838 956 853 975 a
885 944 981 982 Deo,
1020 943 1102 975 fides
1142 952 1201 982 est,

69 1018 153 1050 quae
178 1005 283 1037 credit
307 1004 339 1036 in
366 1004 611 1046 justificantem.
650 1004 694 1036 Et
719 1004 799 1037 haec
824 1005 906 1037 fides
931 1019 1007 1037 cum
1027 1004 1203 1050 justificata

70 1067 187 1105 fuerit,
223 1076 380 1111 tanquam
413 1066 504 1098 radix
536 1065 643 1097 imbre
674 1076 830 1110 suscepto
862 1067 976 1099 haeret
1007 1066 1040 1098 in
1073 1066 1203 1099 animae

69 1129 164 1167 solo,
195 1137 233 1160 ut
265 1141 339 1160 cum
365 1140 426 1171 per
451 1126 557 1168 legem
583 1127 649 1159 Dei
676 1128 784 1160 excoli
811 1129 981 1173 coeperit,
1013 1137 1147 1170 surgant
1170 1128 1204 1160 in

70 1203 106 1222 ea
124 1189 218 1228 rami,
243 1188 299 1233 qui
326 1189 452 1221 fructus
471 1202 613 1232 operum
632 1190 768 1222 fermus<
804 1189 984 1235 Subiungit
1008 1189 1204 1222 Jansenius:

74 1253 188 1285 »Ecce
227 1251 346 1292 dogma
380 1249 508 1291 Pelagii
545 1251 586 1282 de
624 1252 793 1294 operanda
830 1265 892 1295 per
926 1251 1035 1295 legem
1067 1251 1206 1296 justitia,

73 1313 260 1346 dummodo
293 1311 446 1344 remissio
479 1321 697 1355 peccatorum
728 1325 791 1356 per
822 1313 925 1345 fidem
954 1314 1029 1345 data
1052 1325 1207 1357 praeces-

71 1375 188 1408 serit«
238 1376 282 1407 At
306 1386 374 1405 non
401 1373 481 1405 haec
512 1374 552 1405 ad
585 1374 693 1415 legem
718 1373 825 1407 Mosis
856 1373 1076 1419 peculiariter
1104 1372 1208 1418 perti-

70 1445 168 1476 nent,
197 1436 256 1468 sed
291 1435 334 1468 ad
365 1447 469 1479 opera
492 1444 622 1467 tanturn
646 1436 752 1476 bona,
782 1436 853 1469 sive
877 1436 1107 1476 Judaeorum‚
1137 1434 1208 1467 sive

71 1497 305 1537 Ethnicorum,
330 1509 414 1541 quae
436 1496 505 1529 sine
530 1497 597 1529 fide
622 1496 731 1530 inania
755 1507 842 1531 sunt.
891 1497 944 1531 Ait
970 1510 1048 1539 ergo
1073 1495 1208 1529 initium

72 1557 315 1604 justificationis
332 1558 434 1591 fidem
453 1572 533 1599 esse,
558 1572 642 1604 quae
661 1558 764 1591 credit
790 1559 822 1591 in
849 1559 982 1600 Deum;
1006 1570 1090 1603 quae
1113 1558 1208 1598 fides,

74 1621 165 1666 quasi
191 1620 369 1664 dispositio
402 1621 442 1652 nd
467 1620 738 1666 justificationem
764 1620 1020 1665 acquirendam,
1055 1633 1132 1653 cum
1156 1618 1208 1665 ju-

75 1682 196 1718 szitiarn
221 1682 500 1726 apprehenderit,
535 1692 571 1714 ut
598 1684 803 1726 loquuntur,
839 1692 937 1727 atque
962 1682 1008 1715 ita
1032 1682 1210 1728 justificata

76 1744 175 1777 fuerit
200 1757 216 1776 a
241 1744 337 1784 Deo;
369 1756 511 1788 cumque
536 1743 681 1788 justitiae
707 1745 832 1784 imbre,
864 1744 911 1777 sic
936 1754 1093 1788 tanquam
1116 1741 1210 1774 radix

78 1805 201 1850 aliqua,
225 1805 383 1850 perpluta
407 1805 526 1844 suerit,
557 1815 638 1837 tunc
662 1804 734 1848 ipsa
760 1806 843 1838 fides
868 1815 967 1850 atque:
992 1804 1064 1848 ipsa
1087 1802 1210 1848 justitia

78 1866 204 1900 animae
227 1867 303 1900 solo
328 1866 519 1907 inhaerent3
551 1866 598 1899 sic
623 1876 752 1906 tamen,
777 1876 813 1899 ut
838 1867 968 1899 divinae
995 1865 1076 1906 legis
1099 1860 1214 1896 obser-

80 1929 213 1960 vatione
236 1928 344 1961 foveri
363 1927 455 1960 illam
475 1937 507 1960 et
526 1928 632 1960 excoli
655 1941 789 1961 necesse
815 1928 855 1960 sit
879 1929 920 1960 ad
945 1927 1104 1960 ferendos
1130 1937 1213 1970 ope-

78 2003 153 2022 rum
185 1989 328 2029 fructus,
358 1989 415 2034 qui
445 1990 539 2022 velut
570 1989 690 2022 radicis
715 1989 812 2034 hujus
837 1988 964 2021 surculi
989 1987 1212 2020 efflorescant.

82 2051 178 2095 Quae
208 2050 288 2083 fidei
323 2050 517 2083 Catholicae
557 2052 699 2084 decretis
735 2063 974 2095 usquequaque
1019 2056 1214 2087 consonant„

80 2113 108 2144 si
131 2113 236 2144 modo
263 2111 434 2155 praevium
459 2113 580 2154 gratiae
606 2113 776 2146 excitantis
802 2122 835 2145 et
859 2112 1001 2159 juvantis
1026 2109 1213 2144 subsidium

80 2184 286 2216 agnoscatur.
342 2174 467 2205 Verum
495 2187 561 2206 non
587 2175 620 2208 id
648 2175 800 2218 queritur
822 2175 1016 2207 Jansenius:
1054 2182 1085 2206 at
1111 2172 1213 2203 latere

179 2296 211 2340 ¹)
237 2297 304 2329 Cfr.
331 2295 415 2327 Gen.
445 2296 497 2333 W,
523 2296 551 2331 3,
