1403 2492
191 85 258 122 118
525 86 637 121 Pam
663 87 838 121 Danu-jus
863 87 997 121 numu

193 190 290 219 cans,
332 178 511 210 extendam
543 191 681 211 manum
713 191 823 211 meam
847 191 950 223 super
975 190 1067 218 eam,
1105 186 1138 211 et
1165 188 1338 212 conteram

193 239 319 281 virgam
350 240 446 284 panis
478 239 624 287 ejus.““
670 241 810 274 Frustra
842 253 923 272 vero
956 239 1045 272 dieta
1075 239 1158 273 haec
1189 241 1230 273 ab
1263 241 1342 275 Ori-

195 313 278 342 gene
315 313 376 345 per
406 303 696 347 prosopopoeiam
730 302 897 336 existimat
934 301 1047 335 Sixtus
1087 301 1245 335 Senensis
1283 302 1342 335 Bi-

195 361 317 395 blioth.
343 362 417 396 libr.
442 364 473 398 5.
497 373 612 397 annot.
636 364 734 405 242„
760 373 799 397 ut
824 378 862 396 ex
889 364 1064 396 doctrinae
1088 363 1194 408 ipsius
1220 376 1343 397 conne-

196 423 297 456 xione
325 425 541 458 manifestum
575 435 633 459 est.
690 425 816 459 Melius
857 425 998 467 Origeni
1029 425 1202 458 consuluit
1233 425 1346 458 Gene-

196 486 348 527 brardus,
373 488 582 533 respondens
608 476 711 520 fuisse
742 487 824 520 baec
857 487 1063 532 inquirendo
1089 497 1123 520 et
1147 487 1344 521 disserendo

196 548 431 592 pronunciata.
480 549 574 593 Quin
608 559 640 582 ct
671 563 731 595 spe
763 549 871 582 futuri
901 559 990 589 nstra
1021 549 1101 582 duci
1126 549 1242 582 asserit
1267 548 1344 581 libr.

197 608 271 642 VH.
297 619 405 643 contr.
432 611 519 645 Cels.
545 625 637 644 num.
663 611 734 652 65„
764 625 842 644 nam
868 620 1049 656 postquam
1074 611 1220 644 eundem
1247 608 1347 643 Pauti

196 669 313 703 locum
339 684 377 704 ex
401 686 454 717 ep.
480 674 521 706 ad
547 674 647 707 Rom.
664 673 693 718 ¹)
720 673 760 706 ad
785 674 895 707 sidera
918 673 1046 714 retulit,
1069 673 1258 720 subjungit:
1292 669 1344 717 μὴ

200 733 279 767 δεῖν
302 732 345 769 τὰ
371 735 432 769 ἐπὶ
457 738 497 784 τῇ
523 736 672 781 δουλείᾳ
697 738 758 779 τῆς
783 737 942 782 φθορᾶς,
969 738 1032 770 καὶ
1056 735 1118 770 ἐπὶ
1143 737 1182 783 τῇ
1207 748 1345 780 μαῖαι-

199 793 295 839 ότητι
328 795 625 844 ὑποτεταγμένα,
665 801 726 832 καὶ
766 797 819 832 ἐπ’
859 798 981 833 ἐλπίδι
1013 801 1190 844 κρείττονι
1233 798 1345 831 ταῦτα

198 856 419 903 πράττοντα,
447 860 487 894 ἐν
505 858 612 906 χώρᾳ
636 862 750 905 τιμᾷν
774 857 877 895 θὲοῦ.
933 861 1019 904 Spes
1051 868 1164 892 autem
1189 859 1271 891 haec
1297 867 1346 891 est
1377 888 1382 892 .

199 918 364 954 libertatis
389 932 422 955 et
446 923 580 956 suturae
603 921 825 968 sejunctionis
847 935 865 955 a
881 921 1095 967 corporibus,
1120 921 1242 966 quibus
1267 933 1346 953 con-

199 978 312 1024 juncta
336 993 424 1025 sunt,
450 994 483 1018 et
506 985 633 1020 salutis.

289 1046 334 1077 At
360 1059 461 1080 omne
486 1047 522 1080 id
545 1057 780 1090 argumentum
813 1046 965 1080 exhausit
997 1046 1073 1080 libr.
1100 1045 1129 1080 1.
1162 1046 1246 1090 περὶ
1278 1043 1346 1088 ἀρ-

196 1107 288 1149 χῶν,
316 1120 387 1153 cap.
414 1109 456 1150 7.,
482 1110 573 1142 unde
599 1111 674 1143 lota
699 1110 810 1154 aliqua
821 1109 938 1151 selegit
956 1107 1177 1147 Justinianus,
1205 1116 1239 1139 et
1266 1106 1346 1139 fidei

202 1171 449 1212 comparandae
474 1171 577 1213 gratia
601 1172 635 1204 in
659 1172 726 1204 sine
752 1185 804 1216 ep.
830 1183 919 1211 suae,
948 1182 1033 1214 quae
1058 1178 1107 1202 est
1131 1169 1173 1202 ad
1197 1169 1346 1209 Menam,

199 1229 326 1263 retulit.
373 1232 528 1266 Primum
560 1233 699 1279 quidem
730 1247 823 1266 num.
847 1232 880 1267 2.
910 1231 1024 1265 stellas
1058 1244 1076 1264 a
1111 1230 1242 1276 peccati
1267 1243 1349 1263 con-

203 1299 277 1333 tage
302 1292 468 1329 immunes
493 1287 564 1330 non
590 1310 660 1330 esse
687 1295 836 1329 ostendit
861 1307 900 1328 ex
923 1293 1132 1334 JohiXXV‚
1149 1294 1179 1328 5.
1203 1293 1347 1335 „,‚Stel-

202 1352 255 1385 lae
278 1367 348 1388 non
372 1367 449 1390 sunt
472 1360 619 1393 mundae
644 1359 678 1392 in
704 1367 889 1403 conspectu
908 1356 1044 1402 ejus.“⁴‘
1085 1355 1190 1399 Quod
1216 1365 1253 1388 ut
1276 1369 1348 1388 me-

203 1415 267 1448 lius
291 1418 458 1460 adstruat,
491 1434 544 1453 eas
570 1433 640 1453 esse
665 1421 789 1465 probat
819 1417 988 1458 animalia,
1027 1418 1122 1462 quod
1148 1418 1304 1451 mandata
1328 1430 1347 1450 a

202 1477 281 1511 Deo
307 1479 464 1514 dicantur
487 1482 659 1527 accipere3
700 1482 860 1514 mandare
896 1489 1010 1512 autem
1034 1479 1114 1524 ipsis
1138 1479 1271 1520 Deum,
1309 1488 1347 1511 ut

202 1541 294 1574 statis
319 1554 522 1577 moveantur
544 1544 775 1590 temporibus;
805 1551 918 1575 motus
944 1554 1026 1574 vero
1049 1541 1136 1574 illos·
1153 1554 1264 1586 neque
1289 1542 1347 1574 ab·

202 1604 291 1637 solvi
315 1619 415 1650 posse
439 1606 511 1640 sine
535 1607 663 1656 anima3
687 1619 797 1652 neque
821 1605 892 1638 sine
916 1613 1016 1638 motu
1040 1616 1110 1636 esse
1134 1616 1235 1648 posse
1261 1617 1347 1650 quae

203 1666 313 1700 anima
344 1669 497 1713 praedita
528 1669 610 1703 sint:
650 1682 712 1701 nee
742 1668 866 1701 animal
896 1669 1030 1708 solum,
1065 1666 1126 1699 sed
1159 1675 1192 1699 et
1215 1666 1346 1699 ratione

203 1731 356 1775 pollere3
381 1745 419 1765 ac
444 1732 590 1777 proinde
614 1733 821 1765 incrementa
849 1743 969 1775 capere
999 1730 1071 1762 sine
1100 1728 1206 1762 dubio
1242 1728 1347 1761 virtu-

202 1792 257 1833 tis,
281 1793 334 1826 vel
360 1794 593 1830 decrementa:
624 1795 665 1827 ad
691 1795 772 1827 baec
798 1792 923 1825 animas
948 1791 1153 1836 antiquiores
1176 1791 1347 1824 recentio—

204 1856 296 1889 ribus
327 1856 477 1890 siderum
510 1856 712 1901 corporibus
743 1855 946 1888 extrinsecus
986 1852 1088 1886 inseri
1125 1853 1248 1897 probat
1278 1852 1347 1897 pri-

204 1931 298 1966 mum
321 1918 454 1952 ratione
479 1920 552 1960 hac,
576 1918 668 1963 quod
695 1931 772 1950 cum
797 1917 961 1948 humanae
985 1915 1127 1956 animae,
1154 1927 1238 1959 quae
1263 1915 1345 1948 dum

204 1982 382 2014 hominum
421 1981 551 2014 animae
582 1991 677 2021 sunt,
713 1979 892 2013 inferiores
930 1987 1006 2011 suut
1036 1978 1186 2010 siderum
1217 1977 1346 2018 animis,

206 2043 409 2088 corporibus
434 2043 611 2076 hominum
635 2042 700 2075 sint
731 2041 956 2086 antiquiores,
989 2039 1170 2072 verisimile
1194 2039 1237 2072 sit
1261 2039 1345 2071 anti-

206 2105 340 2149 quiores
367 2119 435 2138 esse
461 2118 596 2150 quoque
622 2105 769 2137 siderum
795 2104 920 2136 animas
950 2102 1099 2136 siderum
1125 2101 1343 2147 corporibus:

204 2169 327 2212 probat
351 2168 386 2201 id
411 2167 521 2212 ipsum
554 2167 677 2199 ‹lc-inde
708 2180 807 2211 supra
834 2167 980 2200 adducto
1005 2164 1103 2199 Pauli
1128 2165 1207 2197 loco
1234 2176 1249 2195 e
1276 2164 1345 2196 lto-

303 2298 333 2341 ¹)
361 2296 428 2329 Crr.
455 2297 555 2330 Rom.
582 2297 674 2335 Vlii,
705 2298 752 2331 Η).
779 2297 833 2331 20.
860 2297 913 2332 21.

1400 330 1403 359 i
