1403 2492
371 105 685 140 oium-:summm
716 101 829 134 Lmen
855 100 898 133 ΙΙ.
1176 96 1198 129 9

61 199 104 232 sis
127 196 396 241 unumquodque
421 208 476 227 vas
500 194 553 226 vel
579 193 620 225 ad
645 192 809 225 honorem
828 203 845 223 a
862 190 952 229 Deo,
977 188 1031 222 vel
1055 187 1097 221 ad
1117 199 1197 220 con-

61 259 237 293 tumeliam
267 265 502 303 praeparetur:
536 267 606 287 non
630 253 765 286 videtur
787 252 970 286 absurdum
995 250 1118 283 eodem
1143 262 1194 281 or·

63 322 159 361 dine,
191 331 290 366 atque
316 320 433 352 eadem
466 315 702 362 consequentia
730 313 945 347 discutientes
969 325 1030 345 nos
1055 309 1199 356 antiqui—

65 396 140 416 ores
165 395 304 422 caussas,
329 381 444 413 eadem
470 378 569 411 etiam
595 378 636 410 de
661 376 846 409 animarum
864 375 994 408 satione
1009 374 1041 419 ¹)
1064 372 1199 412 sentire,

66 454 99 478 et
122 445 188 477 hoc
213 457 282 477 esse
307 443 340 476 in
367 454 495 480 caussa,
533 440 626 484 quod
651 439 754 471 Iacob
787 437 931 470 dilectus
946 437 980 481 ²)
1006 445 1074 476 est,
1107 443 1199 468 ante-

67 519 168 552 quam
197 506 275 539 huic
305 504 434 538 mundo
467 510 675 541 nasceretur,
709 510 742 533 et
764 500 851 533 Esau
878 498 958 531 odio
983 496 1114 530 habitus
1139 504 1199 536 est,

67 569 150 602 dum
175 568 282 601 adhuc
313 566 347 599 in
378 574 493 598 ventre
519 562 634 596 matris
658 563 868 596 haberetur.«
917 557 1200 593 Dissertationem

67 631 204 664 demum
226 629 272 662 ita
299 627 426 661 claudit
446 640 536 660 num.
553 626 606 660 21.
635 625 704 658 »Ex
729 637 795 669 quo
823 622 1012 668 opinamur,
1039 619 1199 666 quoniam

69 691 223 737 quidem,
247 690 351 735 (sicut
376 691 573 734 frequenter
597 686 767 730 diximus)
791 683 994 718 immortalis
1019 691 1067 715 est
1091 681 1202 714 anima

69 762 102 786 et
125 761 276 792 aeterna,
307 751 401 796 quod
430 750 464 783 in
498 750 632 790 multis,
670 758 703 781 et
726 747 796 781 sine
826 746 892 780 fine
916 744 1031 790 spatiis
1054 757 1117 789 per
1139 743 1203 776 im-

67 827 183 847 mensa
209 822 242 847 et
269 813 397 846 diversa
420 812 551 845 saecula
569 810 731 857 possibile
751 818 809 849 est,
833 818 872 841 ut
895 808 950 840 vel
968 807 1001 851 ³)
1026 820 1043 840 a
1067 818 1200 839 summo

68 877 162 908 hono
187 876 228 908 ad
253 875 366 908 infima
390 875 479 907 mala
504 874 700 913 descendat,
734 881 767 904 et
787 872 828 904 ab
853 869 981 903 ultimis
1005 869 1046 902 ad
1072 881 1203 901 summa

68 938 158 971 bona
181 947 385 982 reparetur.«
444 935 549 980 Quod
573 944 685 968 autem
711 942 827 966 contra
852 931 983 978 opponi
1007 941 1142 976 poterat
1166 944 1204 964 ex

70 999 168 1033 Pauli
199 1000 240 1032 ad
265 996 437 1033 Romanos
462 1011 534 1042 cap.
559 997 608 1037 9.,
640 997 754 1030 Deum
786 1008 824 1028 ex
858 995 975 1028 eadem
999 1007 1125 1034 massa,
1156 993 1204 1027 sic

71 1070 228 1107 tanquam
263 1061 401 1103 figulum
433 1072 450 1091 e
481 1060 554 1092 luto
585 1072 661 1091 vasa
694 1058 756 1091 alia
792 1058 834 1090 ad
873 1057 1038 1090 honorem
1069 1057 1206 1098 fingere,

72 1123 135 1156 alia
159 1123 201 1156 ad
226 1121 484 1161 contumeliam,
521 1121 567 1154 sic
600 1121 730 1153 diluere
762 1119 954 1159 contendit,
989 1118 1206 1151 rationalium

75 1186 260 1218 animarum
283 1197 383 1216 unam
410 1196 478 1216 esse
502 1192 673 1222 naturam,
711 1195 794 1227 quae
819 1181 895 1213 Deo
921 1194 989 1213 non
1013 1194 1107 1213 secus
1131 1182 1209 1213 sub-

74 1247 200 1294 jaceat,
221 1259 258 1278 ac
282 1245 344 1277 luti
368 1257 472 1277 massa
496 1244 622 1286 figulo,
646 1253 745 1288 atque
770 1242 849 1275 inde
875 1241 957 1275 varii
982 1242 1109 1284 generis
1133 1255 1209 1275 vasa

77 1307 242 1353 depromi.
288 1306 463 1338 Paulinam
481 1306 638 1338 similiter
652 1304 936 1349 increpationem:
964 1304 1015 1337 »O
1033 1304 1066 1348 ⁴)
1092 1303 1209 1344 homo,

75 1378 113 1402 tu
138 1369 210 1414 quis
235 1381 285 1408 es,
319 1367 376 1412 qui
402 1377 518 1400 contra
543 1367 746 1412 respondeas
771 1365 898 1399 De0?«
933 1366 974 1398 ad
1003 1365 1127 1410 impios
1152 1367 1210 1398 de-

76 1430 179 1470 rivat,
213 1429 271 1475 qui
293 1442 362 1462 non
387 1428 554 1469 discendi,
587 1429 646 1461 sed
672 1427 848 1460 resistendi
873 1440 984 1460 caussa
1008 1427 1085 1459 Deo
1111 1427 1210 1460 oblo-

76 1492 134 1538 qui
157 1492 297 1531 audent,
333 1499 366 1523 et
389 1500 570 1536 postquam
594 1489 799 1522 facinoribus
824 1490 890 1522 suis
914 1503 952 1523 ac
975 1489 1118 1534 perfidia
1141 1489 1208 1522 Dei

77 1553 276 1599 alloquendi
306 1552 431 1597 fiducia
461 1565 498 1585 ac
528 1552 602 1599 jure
635 1551 848 1592 exciderunt,
879 1552 1000 1585 merito
1034 1552 1074 1585 iis
1107 1551 1210 1598 objici

78 1617 217 1650 debean
255 1614 306 1649 »O
325 1615 357 1659 ⁵)
384 1615 508 1654 bomo,
539 1624 576 1647 tu
600 1614 673 1659 quis
704 1627 755 1654 es,
787 1613 844 1659 qui
870 1624 986 1647 contra
1008 1616 1213 1660 respondeas

77 1677 207 1711 Deo?«
268 1676 399 1710 Sanctis
432 1689 510 1709 vero
542 1676 738 1709 hominibus
772 1677 918 1710 adeundi
952 1687 985 1710 et
1016 1677 1214 1722 alloquendi

79 1740 165 1780 Dei,
203 1739 381 1783 eidemque
419 1739 647 1782 respondendi
685 1739 818 1783 copiam
853 1751 988 1782 semper
1025 1739 1100 1772 fieri
1130 1740 1213 1779 vult,

80 1801 186 1846 qualis
211 1800 294 1833 olim
312 1799 401 1833 Mosi
426 1800 511 1832 facta
537 1809 595 1832 est.
635 1799 747 1843 Quam
771 1800 877 1844 ipsam
898 1801 1213 1845 interpretationem

82 1877 156 1896 cum
181 1863 404 1908 praecedente
431 1862 471 1894 de
497 1862 617 1894 Jacobi
642 1862 768 1902 anima,
801 1872 833 1894 et
859 1862 941 1895 vasis
972 1864 1013 1895 ad
1040 1873 1214 1896 cont-ume—

83 1925 163 1957 liam
198 1925 406 1957 honoremve
444 1923 616 1956 destinatis
654 1923 882 1967 disputatione
914 1938 1046 1957 rursum
1078 1925 1214 1959 adhibet

177 2075 207 2118 ¹)
232 2074 295 2108 Ed.
320 2075 442 2107 Ruaei:
471 2074 651 2108 »ratione.«

176 2131 210 2175 ²)
235 2130 323 2163 Edd.
347 2130 481 2163 Huetii:
517 2130 679 2164 »dilectus
712 2141 778 2172 est,
816 2132 916 2165 etiam
943 2134 1024 2169 dum
1047 2138 1157 2172 adhuc
1183 2140 1215 2172 in

87 2185 201 2209 ventre
225 2176 339 2208 matris
363 2175 572 2209 habel-etun«

176 2233 210 2276 ³)
236 2232 341 2264 Deest
369 2232 461 2263 »vel«
488 2231 521 2263 in
546 2232 621 2265 edd.
647 2233 773 2266 Huetii.

178 2289 212 2332 ⁴)
238 2289 337 2321 Rom.
364 2288 431 2328 IX,
453 2288 507 2323 20.
559 2289 592 2332 ⁵)
616 2290 716 2323 Rom.
743 2291 809 2331 IX,
831 2292 885 2326 20.
