1403 2492
220 97 285 133 186
553 98 666 133 Pztm
690 97 863 132 Damus
888 96 1020 132 Hozru

219 190 300 223 dum
324 188 574 223 firmamentum
598 197 722 222 terram
746 187 832 220 hanc
857 186 1044 233 capacitate
1079 199 1137 220 sua
1161 187 1359 233 complecti·

219 261 286 295 tur,
309 250 355 284 ita
378 251 555 296 sphaeram
580 250 748 297 quandam
774 248 1005 296 superiorem,
1037 260 1123 295 quae
1147 247 1181 282 in
1207 247 1359 294 Scriptu-

219 313 264 347 ris
288 322 375 346 terra
398 313 508 352 bona.
541 322 573 346 et
596 322 685 346 terra
710 311 895 345 viventium
919 311 1132 352 nominatur,
1164 318 1198 344 et
1220 308 1359 344 mitibus

219 387 257 407 ac
281 374 462 408 mansuetis
485 374 716 421 promittitur,
753 386 814 407 suo
852 373 1036 416 constringi
1069 372 1189 413 coelo,
1225 371 1261 406 in
1291 384 1359 418 qno

219 445 413 470 sanctorum
438 437 576 472 nomina
600 435 768 482 descripta
799 445 894 479 sunt;
931 448 969 469 ex
1005 435 1072 469 hoc
1103 443 1216 468 autem
1249 433 1361 475 coelo,

221 512 259 532 ex
285 511 390 545 eaque
414 508 519 540 terra,
558 509 666 533 terrae
698 511 735 532 ac
768 498 857 532 coeli
893 497 1088 532 nominibus
1113 497 1236 531 affecta
1258 496 1360 530 ruisse

220 561 469 595 firmamentum
495 570 528 595 et
554 561 710 604 Aridam;
734 560 894 607 aliudque
921 573 990 594 esse
1016 559 1152 594 coelum
1177 569 1211 594 et
1225 568 1362 598 terram.

221 636 305 669 quae
330 623 427 658 initio
454 637 471 657 a
495 624 572 657 Deo
600 632 709 657 creata
732 632 818 664 sunt,
842 636 880 656 ac
904 623 1166 662 firmamentum,
1190 621 1283 668 quod
1308 620 1362 654 die

219 686 370 720 secundo
398 685 576 720 conditum
601 685 743 720 dicitur:
767 686 931 719 mundum
956 686 1045 719 hunc
1069 692 1184 718 autem
1207 682 1363 729 superio—

219 761 301 789 rem,
328 761 405 781 eum
432 761 519 788 esse,
544 749 634 781 unde
659 747 799 782 missum
823 761 857 782 se
883 747 1047 791 significat
1072 745 1223 782 Christus
1248 745 1362 780 dicens

219 811 340 844 Joann.
366 810 460 850 Vlll,
484 810 539 846 23.
590 810 705 854 »nEgo
730 824 799 844 non
824 824 898 844 sum
916 811 957 844 de
977 810 1042 844 hoc
1060 809 1258 843 mundozu«
1287 820 1362 841 cor-

219 873 371 919 ruptioni
397 872 595 918 neutiquam
620 873 732 919 ipsum
765 873 1067 913 esseobnoxium,
1090 885 1152 905 nec
1173 870 1279 904 oculis
1303 869 1362 902 ad·

221 934 462 981 spectabilem.
498 935 618 969 sanctis
650 945 762 969 autem
789 943 821 967 ct
853 934 1014 980 perfectis
1039 934 1155 968 sedem
1180 932 1264 965 hanc
1289 943 1360 964 esse

221 999 431 1038 destinatam,
457 1006 489 1030 et
512 1006 636 1031 terram
662 998 800 1043 quidem
824 997 942 1030 mundi
966 996 1060 1030 illius
1090 995 1149 1036 iis,
1183 994 1241 1040 qui
1268 993 1364 1027 casti·

219 1061 409 1104 gationibus
437 1069 470 1092 et
495 1060 787 1094 emendationibus
811 1061 950 1093 suerunt
974 1057 1158 1105 expurgati,
1182 1057 1256 1091 aliis
1280 1069 1362 1089 vero

222 1124 368 1163 coelum,
393 1122 450 1168 qui
474 1122 616 1154 dumffin
636 1121 733 1155 terris
766 1131 918 1165 agerent,
948 1121 1017 1155 Dei
1040 1119 1205 1154 mandatis
1229 1119 1362 1152 obtem-

219 1194 396 1232 perarunt,
427 1184 485 1217 sed
511 1183 557 1216 ita
582 1193 713 1224 tamen,
745 1193 782 1217 ut
812 1185 854 1217 ab
886 1183 944 1217 illa
972 1193 1062 1217 terra
1085 1182 1126 1216 ad
1151 1181 1286 1215 coelum
1310 1193 1364 1213 su-

219 1261 377 1294 premum
403 1246 560 1280 transitus
583 1256 706 1292 pateat.
755 1246 954 1281 consimilia
986 1253 1064 1280 sunt
1088 1257 1173 1290 quae
1197 1244 1364 1278 habentur

222 1310 372 1357 ejusdem
398 1306 477 1342 libri
502 1310 574 1354 cap.
600 1309 659 1343 IX.
676 1323 777 1348 num.
803 1309 856 1350 3.‚
882 1318 915 1342 et
939 1321 1024 1355 quae
1052 1307 1161 1353 capite
1185 1316 1361 1353 postremo

221 1372 300 1404 libri
327 1372 387 1404 Ill.
411 1384 503 1404 num.
527 1370 559 1406 8.
586 1381 619 1405 ct
643 1371 686 1411 9.,
710 1372 769 1404 ubi
795 1381 827 1404 et
852 1371 938 1406 illud
971 1370 1105 1417 adjicit,
1141 1382 1255 1403 rerum
1288 1369 1364 1402 ista-

221 1447 296 1466 rum
323 1433 538 1475 coelestium,
572 1447 655 1478 quac.
682 1434 881 1467 inferiorum
907 1434 1067 1467 harumce
1090 1442 1209 1479 typum
1233 1441 1364 1475 gerunt,

221 1498 367 1529 formam
403 1495 497 1528 Mosi
529 1495 561 1527 in
594 1505 712 1528 monte
743 1495 844 1528 fuisse
876 1505 1114 1537 monstratan13
1146 1496 1187 1527 ad
1223 1494 1363 1541 ejusque

222 1558 415 1603 exemplum
440 1557 647 1590 tabernaculi
673 1568 705 1591 ct
737 1558 980 1591 sacrificiorum
1006 1558 1227 1594 instrumenta
1250 1557 1363 1602 ipsum

222 1633 443 1666 comparasse,
469 1620 655 1653 secundum
679 1630 899 1666 praeceptum
925 1620 1011 1653 illud
1035 1620 1103 1653 Dei
1127 1620 1235 1653 Exod.
1253 1620 1364 1661 XXV,

220 1684 274 1719 40.
325 1682 511 1728 »»lnspice,
540 1692 572 1715 et
597 1671 861 1716 sae'sccundum
893 1683 1082 1728 exemplar,
1120 1682 1212 1728 quod
1244 1681 1306 1716 tibi
1330 1681 1365 1715 in

222 1755 338 1780 montc
364 1754 587 1778 monstratum
614 1754 716 1778 cstm«
778 1744 905 1791 Adjicit
940 1745 1040 1778 etiam
1070 1744 1105 1778 in
1136 1756 1268 1777 summo
1300 1743 1363 1776 illo

222 1810 321 1844 coelo
349 1810 501 1842 futurum
526 1806 622 1851 illud,
649 1809 742 1854 quod
769 1801 962 1842 »aeternum
988 1807 1112 1842 dicitur
1131 1806 1365 1850 Evangelium,

222 1883 255 1907 ct
281 1881 517 1906 testamcutum
549 1883 684 1916 semper
716 1884 863 1911 novum,
900 1870 994 1915 quod
1029 1882 1200 1915 nunquam
1232 1878 1362 1903 vetera-

222 1945 338 1969 sect:«
366 1934 399 1967 in
427 1946 531 1978 caque
557 1933 694 1978 piorum
719 1943 806 1966 terra
832 1932 1002 1966 eruditum
1027 1932 1069 1965 iri
1086 1933 1128 1966 ab
1144 1932 1269 1975 angelis
1292 1932 1362 1966 ani-

220 2012 302 2038 mas,
328 1996 619 2043 quemadmodum
651 2005 683 2028 et
717 1996 748 2029 in
780 1995 1055 2029 commemoratis
1085 2007 1186 2041 supra
1216 1994 1364 2028 mansio-

219 2063 329 2101 nibus,
355 2062 463 2093 doncc
496 2072 693 2104 supremum
724 2057 856 2103 adeptis
889 2058 1024 2091 coelum
1054 2056 1098 2090 sit
1128 2056 1222 2090 Deus
1248 2056 1363 2089 omnia

221 2123 253 2155 in
281 2121 447 2154 omuibus.
504 2122 574 2153 Nec
609 2121 651 2154 ab
687 2120 738 2153 his
777 2120 908 2153 abludit
944 2119 1128 2153 Homil.1.
1164 2119 1198 2152 in
1237 2117 1359 2152 Genes-

220 2196 310 2218 num.
335 2182 380 2222 2.,
405 2196 480 2215 cum
506 2182 620 2216 scribit
647 2183 780 2216 coelum
807 2183 892 2216 illud
917 2195 1114 2228 supremum
1141 2190 1175 2214 et
1198 2180 1359 2225 incorpo-

219 2259 329 2285 reum,
355 2245 449 2290 quod
473 2245 539 2278 Dei
566 2246 660 2279 sedes
687 2255 746 2286 est,
771 2246 920 2291 primum
945 2259 962 2279 a
986 2245 1063 2278 Deo
1089 2244 1276 2284 conditum,
1302 2243 1359 2275 dc-

220 2310 298 2344 inde
325 2321 527 2354 corporeum
555 2310 712 2351 coelum,
747 2311 809 2343 hoc
843 2319 889 2344 est
915 2309 1179 2343 firmamentum:
1210 2320 1287 2340 nam
1311 2304 1360 2340 in-
