1403 2492
203 96 269 133 182
536 95 649 131 Perru
675 95 847 130 Damzus
872 93 1003 130 Huzrn

205 186 345 220 videt?ae‹
373 185 555 220 Laboranti
582 186 721 230 Origeni
753 198 948 219 succurrere
980 193 1121 220 conatur
1152 185 1341 221 Genehrar-

207 249 268 282 dus
293 248 326 281 in
352 247 497 282 collect.
523 261 593 294 cap.
618 248 661 288 6.,
687 258 719 282 et
743 248 824 281 haec
848 246 981 281 scribit:
1020 245 1145 293 »Atqui
1167 246 1204 280 id
1228 247 1271 281 de
1291 247 1342 282 in-

205 320 298 353 tegra
323 318 356 343 et
386 309 538 344 absoluta
561 309 781 344 beatitudinis
808 308 1110 350 consummatione,
1135 322 1235 356 quam
1257 316 1343 344 non·

207 373 289 405 dum
312 370 418 405 sancti
449 370 484 404 in
516 372 717 418 corporibus
748 380 966 418 receperunt,
1003 379 1118 417 potest
1151 369 1342 417 explicari.-

209 433 301 477 Quid
327 432 419 479 juvat
442 443 553 468 autem
577 433 743 467 recusanti
769 446 871 479 opem
896 436 1002 474 ferre,
1038 445 1115 467 cum
1144 432 1206 466 hnc
1234 432 1346 466 neuti-

208 508 308 541 quam
333 496 374 529 de
399 508 505 537 causa,
531 509 631 542 quam
656 501 901 529 commemorat
925 495 1181 536 Genebrardus,
1211 504 1344 530 sanctos

207 557 374 592 existimet
397 558 548 592 nondum
574 559 726 604 perfecta
755 557 821 591 frui
858 557 1002 592 laetitia:
1035 558 1141 592 t·Non
1172 557 1264 592 enim
1295 566 1346 592 est

206 620 284 661 illis,
310 620 355 653 ait
378 620 468 666 ipse,
491 621 642 666 perfecta
666 619 810 660 laetitia,
843 620 952 654 donec
981 633 1046 666 pro
1080 619 1251 654 erroribus
1281 633 1340 654 no-

205 682 281 716 stris
305 682 434 723 dolent,
459 692 492 716 et
516 684 631 725 lugent
654 691 766 716 nostra
790 691 958 727 peccata«

297 745 383 778 Cum
408 745 453 778 ait
477 754 590 779 autem
615 745 779 788 Origenes
803 745 903 778 Tom.
921 744 962 778 X.
989 744 1022 777 in
1046 744 1167 777 Matth.
1192 756 1285 778 num.
1311 744 1345 779 2.

207 816 239 840 et
261 806 306 847 3.,
331 807 467 848 animas,
491 816 671 853 postquam
696 820 761 852 pro
785 806 938 840 sordium
964 815 997 839 et
1021 805 1269 852 inquinamenti
1293 820 1346 840 ra-

205 869 311 909 tione,
336 869 413 914 plus
437 869 591 903 minusve
616 869 743 902 suerint
768 877 978 914 expurgatae,
1002 869 1139 903 tandem
1162 882 1268 904 unum
1291 882 1346 903 so-
1400 914 1403 919 ⁴

205 933 275 964 lare.
301 932 415 965 lumen
441 933 581 973 futuras,
607 944 640 965 et
664 931 882 965 inferioribus
906 931 1018 965 lucem
1050 944 1145 965 suam
1173 931 1347 977 praebitu-

206 1006 272 1026 ras:
300 994 335 1026 id
359 994 423 1027 sibi
448 995 532 1035 vult,
556 1007 753 1040 supremum
779 993 852 1027 illas
876 993 1048 1027 felicitatis
1071 994 1204 1039 apicem
1229 1007 1346 1028 conse-

208 1065 356 1097 cuturas,
391 1070 493 1102 supra
530 1070 631 1102 quem
663 1069 832 1099 assurgere
864 1068 932 1089 non
958 1055 1056 1088 licet:
1096 1069 1197 1101 quern
1228 1056 1345 1090 locum

207 1131 427 1163 quaecunque
452 1119 634 1159 tenuerint,
658 1118 790 1164 aequali
814 1118 890 1151 luce
913 1117 1062 1160 fulgere,
1087 1127 1121 1151 et
1142 1118 1217 1163 pari
1238 1118 1346 1152 beati-

205 1180 282 1213 tatis
306 1194 462 1214 mensura
485 1181 552 1214 frui
576 1194 711 1215 neeesse
736 1190 794 1215 est.
851 1181 979 1213 Verum
1011 1179 1180 1225 aliquibus
1211 1192 1251 1214 ex
1279 1181 1346 1214 hoe

205 1256 349 1276 numero
374 1256 508 1288 semper
531 1243 760 1277 recidentibus
784 1243 826 1276 ad
850 1241 990 1288 pristina
1015 1240 1106 1282 vitia,
1131 1250 1195 1274 ete
1211 1254 1345 1276 summo

207 1304 269 1337 illo
293 1305 398 1347 gradu
424 1305 634 1346 labentibus,
659 1305 825 1339 obtusiori
849 1305 944 1345 luce,
977 1313 1009 1338 et
1032 1303 1147 1350 priore
1172 1303 1235 1337 hac
1257 1304 1345 1337 mul-

207 1376 279 1399 tum
311 1367 464 1400 inferiori
502 1369 740 1413 splendebunt.
808 1366 973 1401 Similiter
1013 1365 1252 1409 intelligendus
1283 1376 1344 1410 est,

206 1443 281 1462 cum
308 1429 363 1469 ait,
389 1430 541 1462 futurum
558 1430 739 1476 aliquando
753 1430 868 1463 Deum
883 1428 994 1462 omnia
1011 1428 1045 1462 in
1059 1428 1226 1470 omnibus,
1251 1442 1344 1463 cum-

206 1505 270 1536 que
295 1505 490 1536 supremum
519 1492 616 1525 illum
642 1493 761 1532 finem,
793 1492 834 1525 ad
866 1505 966 1537 quem
995 1491 1108 1525 omnia
1131 1491 1343 1535 pervenient,

204 1567 384 1599 rerumque
407 1554 638 1588 universarum
664 1554 961 1590 ἀποκατάστασιν
993 1563 1247 1589 commemorat.
1296 1556 1343 1588 At

205 1631 282 1650 cum
305 1617 419 1652 Tomo
444 1617 517 1650 XV.
545 1616 580 1650 in
603 1617 723 1651 Matth.
755 1629 845 1649 num.
871 1615 925 1652 36.
950 1616 1085 1657 scribit,
1117 1615 1152 1650 in
1184 1629 1343 1650 remune-

202 1679 314 1713 randis
345 1679 539 1712 hominihus
571 1668 754 1713 voluntatis
794 1680 952 1712 duntaxat
985 1678 1138 1724 ipsorum
1168 1691 1207 1712 ac
1238 1679 1344 1713 studii

202 1742 368 1776 rationem
398 1743 522 1775 habere
553 1742 685 1782 Deum,
716 1755 785 1775 non
809 1740 992 1787 temporis,
1031 1742 1125 1786 quod
1150 1741 1344 1775 exercendis

203 1805 382 1838 virtutibus
418 1805 675 1850 impenderunt,
714 1817 752 1838 ac
786 1798 916 1838 idcirco
956 1802 1152 1849 aequalibus
1182 1803 1342 1848 praemiis

203 1869 389 1908 donandos,
415 1867 607 1913 quicunque
630 1880 694 1913 pro
719 1867 810 1901 virili
834 1868 1048 1908 laborarunt;
1079 1865 1113 1898 id
1142 1865 1189 1899 ita
1221 1877 1261 1898 ex
1284 1878 1340 1899 su-

202 1931 394 1976 perioribus
419 1930 656 1976 explicandum
681 1940 746 1970 est,
787 1931 926 1962 eandem
958 1929 998 1962 iis
1031 1927 1245 1961 tribuendam
1269 1939 1341 1961 esse

202 1995 414 2036 mercedem,
450 1994 593 2026 salutem
624 1992 801 2032 nimirum,
841 2001 874 2024 at
912 2004 980 2024 non
1013 1991 1154 2024 eandem
1185 1988 1339 2023 adbiberi

203 2055 450 2099 purgationem,
474 2055 500 2088 si
525 2056 584 2088 diu
609 2055 661 2088 illi
686 2054 718 2088 in
744 2054 879 2095 virtute,
902 2067 1022 2100 parum
1045 2053 1101 2087 isti
1121 2052 1340 2092 desudarunt,

203 2116 368 2150 similibus
393 2118 474 2151 licet
498 2117 532 2150 in
556 2118 670 2150 Deum
694 2117 812 2151 studiis
837 2117 916 2150 elati
932 2116 1037 2149 vitam
1058 2114 1255 2158 clauserint;
1278 2114 1338 2147 sed

203 2179 342 2212 diversis
365 2189 526 2225 utrosque
553 2179 758 2224 disciplinis,
791 2189 839 2212 etr
855 2177 1145 2213 emendationibus
1176 2174 1335 2222 reparari,

201 2250 377 2288 antequam
425 2243 458 2276 in
508 2255 666 2288 supremo
710 2242 876 2276 beatitatis
924 2240 1070 2275 culmine
1112 2239 1333 2273 collocentur.
