1403 2492
531 97 719 131 Exeunsvs
1125 96 1190 132 347

53 203 128 222 mus
160 178 380 227 veritatem,«
415 196 478 219 etc.
526 186 570 218 Et
602 185 849 219 Homil.XV1.
881 199 973 218 num.
1007 187 1036 220 1.
1093 188 1192 220 »Non

53 261 135 284 tunc
158 260 289 284 tautum
313 250 489 288 Salvator,
513 249 572 280 sed
598 257 630 280 et
656 260 762 292 usque
795 248 837 280 ad
861 257 1074 291 praesentem
1100 249 1190 282 diem

50 312 155 346 mittit
178 312 356 344 hominum
381 311 583 355 piscatores,
608 309 786 341 instituens
812 322 870 342 eos
895 310 1022 343 animas
1047 311 1190 344 liberare

52 375 94 407 de
118 374 213 414 mari,
238 383 272 406 et
296 387 333 405 ex
359 371 582 405 acerbissimis
607 371 767 403 ssuctibus
792 372 834 403 ad
859 385 972 404 auram
998 374 1190 417 producere

50 436 257 468 liberiorem.
305 436 433 467 Verum
461 434 510 466 illi
535 434 643 478 pisces
668 446 746 465 cum
769 433 908 475 sagenis,
932 434 1061 467 retibus
1088 445 1190 480 atque

49 497 155 530 hamis
181 498 320 530 extracti
346 498 387 529 de
412 509 498 540 aqua
521 495 659 534 suerint,
683 494 892 527 moriuntur:
919 497 1008 539 apud
1025 510 1086 530 nos
1106 511 1186 530 vero

49 572 126 592 cum
150 559 271 604 aliquis
296 558 398 591 suerit
429 556 595 590 sermonis
627 566 699 589 rete
731 557 1012 601 comprehensus,
1051 568 1083 591 et
1107 561 1190 592 edu-

49 630 121 654 ctus
146 622 188 654 de
212 622 297 653 mari
321 620 462 659 saeculi,
499 619 645 652 moritur
668 618 806 663 quidem
832 628 865 650 et
898 619 988 664 ipse,
1025 622 1084 653 sed
1108 635 1189 666 pec-

48 692 135 722 cato,
159 684 219 715 sed
243 683 384 724 mundo,
408 692 446 714 ut
471 693 674 723 consurgens
709 681 863 723 Christo,
896 681 986 714 vivat
1010 683 1099 716 Deo.
1149 684 1188 718 Si

48 757 128 786 ergo
152 745 260 789 possis
284 746 326 778 ad
351 743 611 785 intelligendum
634 755 786 783 sensum,
818 757 919 788 quem
945 757 1109 777 conamur
1133 759 1188 778 ex-

47 819 196 850 ponere,
232 807 345 839 animo
379 806 541 839 inducere
574 805 683 849 pisces
716 806 758 837 de
788 805 873 837 niari
898 815 1063 839 extractos
1087 807 1187 840 aliam

47 881 159 901 rursus
187 868 288 901 vitam
309 881 489 908 assumere,
514 878 548 901 et
571 867 665 900 aliud
680 880 803 912 corpus
818 863 970 907 induere,
994 877 1074 901 tunc
1091 869 1187 911 scies,

47 941 116 973 quo
139 929 239 962 nobis
262 929 449 974 profecerit
469 931 672 974 exemplum.
706 930 816 962 Nemo
837 929 1058 973 blasphemet,
1083 944 1185 963 nemo

45 991 134 1023 male
159 991 296 1031 laceret,
321 1005 391 1024 non
417 1001 558 1024 vocetur
583 990 730 1030 crimen,
771 992 865 1036 quod
896 992 937 1023 ab
967 993 1104 1025 alterius
1129 995 1186 1026 ab-

47 1052 188 1084 ductum
221 1063 270 1085 est
305 1053 540 1095 intelligentia.
595 1053 640 1085 Et
671 1062 709 1085 tu
741 1052 864 1094 igitur,
891 1066 967 1085 cum
993 1054 1035 1086 de
1059 1056 1186 1088 saeculi

46 1113 139 1146 istius
172 1114 331 1147 fluctibus
368 1128 430 1159 per
466 1114 653 1159 discipulos
683 1114 828 1147 Domini
864 1115 969 1147 fueris
1010 1125 1186 1157 extractus,

45 1185 137 1208 muta
162 1176 317 1220 corporis
341 1176 440 1216 vitia,
475 1186 568 1208 muta
597 1189 732 1208 sensum
763 1176 914 1217 animae3
949 1190 1018 1209 non
1050 1178 1094 1210 sis
1125 1179 1184 1212 ille

44 1237 162 1281 piscis,
199 1237 257 1282 qui
288 1238 322 1270 in
354 1238 444 1270 falsis
477 1237 661 1270 versabaris
691 1238 809 1278 undis,
848 1239 907 1270 sed
942 1239 983 1271 de
1008 1241 1182 1283 profundo

45 1299 173 1340 gurgite
199 1309 313 1332 erutus
337 1301 379 1333 ad
403 1301 547 1333 meliora
572 1309 802 1338 convertere,«
830 1309 894 1333 etc.

133 1361 195 1393 XI.
243 1361 320 1394 Vim
345 1363 468 1403 gratiae
493 1363 712 1402 demonstrat,
737 1362 830 1406 quod
854 1375 923 1394 non
948 1376 1018 1395 uno
1044 1363 1078 1396 in
1104 1365 1182 1397 loco

45 1423 148 1454 docet
174 1422 355 1464 Origenes,
396 1437 469 1456 earn
502 1423 682 1456 fortiorem
714 1436 784 1456 esse
811 1425 1096 1469 concupiscentia,
1121 1441 1184 1460 nec

44 1484 249 1517 daemonum
273 1485 351 1517 telis
374 1498 474 1530 posse
498 1485 660 1529 superari.
700 1485 791 1530 »Ipsi
814 1486 878 1526 illi,
904 1488 962 1530 qui
987 1488 1092 1521 sanati
1107 1499 1184 1522 sunt

46 1545 192 1589 claudi‚«
217 1546 329 1591 inquit
354 1546 411 1579 lib.
437 1547 479 1579 ll.
512 1556 628 1580 contra
662 1547 750 1580 Cels.
783 1560 874 1581 num.
900 1547 966 1588 48„
993 1549 1184 1594 »accipiunt

43 1621 61 1639 a
83 1607 165 1641 Jesu
189 1617 393 1653 potestatem
417 1608 568 1641 calcandi
599 1608 639 1641 iis
662 1609 826 1653 pedibus,
857 1610 979 1654 quibus
1012 1621 1109 1645 antea
1132 1613 1183 1645 uti

43 1682 112 1702 non
136 1679 305 1714 poterant,
328 1680 502 1714 serpentes
527 1679 560 1702 et
571 1670 769 1714 scorpiones
786 1671 946 1711 malitiae,
971 1682 1071 1717 atque
1096 1675 1181 1706 adeo

42 1740 149 1763 totam
172 1731 301 1764 inimici
332 1731 539 1776 potentiam;
569 1732 673 1776 idque
704 1732 801 1764 nullo
834 1733 982 1767 vulneris
1013 1735 1181 1779 periculo,

42 1801 163 1836 utpote
187 1792 233 1825 ita
257 1794 363 1825 sortes
387 1793 486 1833 facti,
510 1802 548 1825 ut
570 1793 666 1826 nulla
689 1793 861 1838 potentia,
886 1795 1017 1828 nullum
1044 1797 1182 1829 daemo-

42 1866 122 1885 num
148 1853 236 1886 virus
261 1855 395 1887 laedere
420 1854 497 1887 illos
530 1864 666 1899 queat.«
714 1855 759 1888 Et
789 1856 889 1889 Tom.
916 1858 959 1890 X.
991 1858 1025 1890 in
1055 1859 1181 1892 Joann.

42 1927 136 1947 num.
162 1915 214 1949 18.
265 1916 448 1960 »Quisquis
471 1916 573 1958 igitur
596 1916 708 1961 ipsum
731 1919 883 1963 (Jesum)
908 1920 1086 1964 receperit,
1110 1934 1180 1953 non

41 1974 107 2020 jam
132 1977 333 2010 formidabit
357 1978 510 2010 diversae
533 1988 643 2011 sectae
676 1979 831 2012 homines
862 1981 1075 2025 eloquentiae
1100 1982 1181 2014 viri-

41 2038 103 2070 bus
128 2047 288 2078 armatos,
312 2038 370 2082 qui
395 2052 510 2072 currus
534 2040 698 2084 Ephraim
723 2041 900 2082 dicuntur,
926 2052 958 2074 et
982 2056 1000 2075 a
1024 2043 1179 2076 Domino

42 2099 298 2141 exscinduntur;
328 2113 390 2133 nec
415 2101 570 2134 fallacem
604 2115 730 2147 equum
763 2104 802 2136 ad
834 2105 996 2145 salutem,
1027 2105 1092 2138 hoc
1118 2116 1178 2146 est,

42 2160 246 2197 desiderium
271 2162 425 2194 insanum
461 2172 495 2196 et
517 2164 618 2195 rebus
647 2165 709 2196 sub
738 2178 872 2198 sensum
898 2167 1095 2200 cadentibus
1121 2181 1179 2200 co—

41 2231 207 2263 gnatum.«
258 2224 308 2256 Ita
331 2223 509 2266 magnifice
533 2225 697 2258 sentiebat
722 2227 762 2258 de
781 2227 829 2260 his
848 2227 972 2261 Christi
997 2230 1106 2270 donis,
1131 2240 1178 2270 ut,

42 2278 121 2315 dum
147 2296 184 2316 ea
213 2284 336 2318 diserte
361 2287 594 2330 commendat,
627 2287 661 2320 in
693 2288 830 2322 stultam
860 2289 955 2322 illam
980 2290 1177 2324 Stoicorum
