1403 2492
375 58 689 89 Onissflmffloaum
716 55 828 87 Lmen
853 56 895 88 11.
1155 51 1200 86 87

60 147 144 178 licus
169 146 227 178 ille
253 146 517 192 Hyperborim),
550 158 584 178 sc
609 145 740 177 nullum
766 144 938 176 hominem
966 142 1104 180 vidisse,
1137 140 1196 185 qui

59 218 143 240 esset
168 208 271 249 magis
296 208 503 252 impatibilis,
529 216 561 239 et
587 207 715 239 alienus
742 207 783 239 ab
810 205 966 238 omnibus
989 202 1092 236 animi
1118 215 1196 246 per-

55 270 314 302 turbationibus.
329 283 345 297 α
395 269 482 301 Hinc
514 268 742 314 Hieronymus
773 268 933 301 Prooem.
974 266 1007 298 in
1040 265 1195 306 dialogos

57 331 132 365 adv.
159 330 373 371 Pelagianos,
405 330 583 367 ἀπαθείας
623 339 804 362 assertores
837 328 1021 370 exagitans:
1056 325 1193 358 »Palla-

55 391 168 430 ‹lius,«
196 391 315 436 inquit,
351 391 509 424 »servilis
533 392 703 435 nequitiae
729 391 867 423 candem
894 388 1044 422 haeresin
1069 387 1193 419 instau-

55 465 127 484 rare
153 462 291 486 conatus
317 445 403 486 esta<
459 453 658 485 Instauravit
691 462 723 485 et
753 462 829 485 ante
867 464 970 484 annos
1006 460 1192 493 propemo-

53 513 133 545 dum
160 514 421 558 qundringentos
444 514 640 556 Bogonatus
664 514 874 554 Haereticus,
898 512 1130 553 Begnrdorum
1157 516 1193 542 et

52 574 276 616 Beghinarum
300 588 430 620 parens.

144 637 182 669 In
207 637 247 669 iis
271 646 372 677 certe,
400 650 484 682 quae
509 648 706 682 supersum,
732 636 1018 679 Origenianorum
1044 645 1189 677 operum

52 697 205 742 reliquiis
229 711 297 731 non
323 699 516 743 frequentes
544 709 728 732 occurrunt
752 699 849 745 hujus
874 696 1046 743 opinionis
1069 701 1189 727 notae:

50 771 126 791 nam
152 760 244 803 quod
269 770 374 793 exstat
396 760 430 793 in
457 761 486 795 1.
512 761 641 794 Homil.
668 761 701 794 in
726 762 852 794 Jerern.
877 773 970 793 num.
993 757 1061 797 16„
1085 763 1190 801 prout

49 821 92 852 ab
117 820 327 868 Hieronymo
354 836 514 855 conversa
539 834 605 855 est:
634 822 868 867 »lmpossibile
895 831 943 855 est
968 819 1069 859 enim,
1094 816 1187 862 quod

49 881 154 914 semel
168 881 350 916 vivificavit
368 885 474 924 Deus,
498 894 555 917 aut
570 886 610 918 ab
636 898 677 917 eo
702 885 789 930 ipso,
814 894 869 917 aut
886 885 926 916 ab
943 882 1011 916 alio
1029 878 1184 913 oecidiz«

49 943 91 975 ad
116 943 217 976 vitam
249 938 436 985 aeternam,
471 957 672 991 sanctosque
709 960 747 979 ea
782 947 933 978 fruentes
970 941 1188 977 referendum

49 1017 120 1036 esse
157 1007 363 1039 ostendimus
401 1007 434 1040 in
466 1009 788 1051 Observationibus;
823 1018 856 1042 et
894 1008 935 1040 ab
974 1005 1186 1049 Hieronymo

48 1076 221 1110 praeterea
255 1068 421 1102 intrusum
451 1081 509 1103 est.
564 1071 677 1103 Tomo
711 1071 850 1116 quidem
875 1069 968 1104 Xlll.
997 1067 1032 1099 in
1062 1064 1185 1099 Matth-

48 1141 140 1161 num.
165 1129 218 1163 29.
249 1131 408 1174 parvulos
441 1132 538 1172 illos,
571 1146 716 1176 quorum
749 1133 876 1165 similes
911 1130 983 1163 vult
1008 1141 1070 1161 nos
1095 1124 1187 1159 effici

50 1191 210 1235 Christus,
236 1201 270 1223 et
295 1192 415 1236 quihus
431 1195 625 1227 scandalum
641 1208 659 1226 a
672 1195 771 1227 nobis
785 1193 939 1238 praeberi
957 1200 1056 1228 vetat,
1083 1201 1186 1233 quos-

51 1266 115 1297 que
140 1252 274 1285 Patrem
301 1254 482 1286 coelestem
512 1256 623 1299 perire
651 1257 738 1288 velle
763 1265 871 1297 negat,
894 1253 1048 1286 homines
1072 1251 1185 1296 perse-

48 1314 195 1346 ctionem
229 1325 428 1348 consecutos
461 1317 646 1357 significare
679 1317 818 1363 conjicit
850 1316 1028 1357 Origene53
1060 1311 1183 1346 deinde

47 1376 215 1422 subjungit
240 1376 407 1421 ejusmodi
437 1378 597 1422 parvulos
627 1391 738 1423 neque
767 1365 896 1423 perire,
937 1388 1048 1420 neque
1074 1375 1184 1407 offen-

44 1438 176 1470 sionem
201 1438 271 1483 pati
295 1451 411 1483 posse,
438 1440 516 1484 quia
548 1465 567 1479 „
582 1453 675 1485 „pax
693 1442 723 1485 ¹)
749 1441 855 1473 multa
876 1437 1095 1480 diligentibus
1119 1448 1182 1469 no-

43 1512 122 1532 men
145 1500 230 1539 Dei,
263 1510 297 1533 et
328 1514 398 1534 non
431 1511 479 1534 est
510 1502 578 1534 illis
609 1502 879 1535 scandalum:““
907 1501 1100 1544 meritoque
1125 1510 1183 1540 eos

46 1562 158 1594 dicere
181 1575 298 1607 posse:
323 1562 508 1606 „„Quis²)
534 1577 597 1596 nos
621 1564 790 1609 separabit
813 1577 831 1596 a
856 1562 1073 1596 caritate?““
1110 1559 1182 1594 Sed

43 1623 229 1657 Ezechielis
252 1633 364 1656 tamen
403 1626 602 1659 auctoritate
639 1628 777 1671 probat,
811 1625 891 1668 iusti
927 1624 1073 1658 animam
1109 1628 1181 1656 esse

43 1686 224 1719 mutationi
250 1686 450 1727 obnoxiam,
484 1697 516 1720 et
549 1701 567 1720 a
590 1688 658 1721 Dei
682 1688 846 1721 mandatis
870 1701 970 1732 posse
994 1686 1180 1724 discedere,

45 1747 91 1780 ita
109 1757 147 1780 ut
170 1748 294 1792 prioris
317 1747 388 1793 ejus
414 1749 558 1793 justitiae
582 1750 675 1782 nulla
700 1751 860 1783 habeatur
883 1751 988 1792 rati03
1012 1758 1111 1792 atque
1126 1747 1181 1780 id·-

49 1808 136 1841 circo
163 1822 230 1854 quo
255 1809 365 1842 minus
390 1811 538 1843 offensio
573 1811 612 1843 iis
646 1825 664 1844 a
694 1812 793 1844 nobis
817 1814 1034 1856 praebeatur,
1058 1810 1180 1843 Serva-

48 1879 155 1902 torem
181 1872 338 1904 mandato
362 1885 422 1904 suo
449 1873 640 1917 prohibere.
697 1874 799 1906 Libro
833 1885 968 1918 quoque
998 1872 1033 1904 in
1059 1869 1112 1915 ep.
1137 1870 1179 1903 ad

49 1931 218 1964 Romanos
252 1933 388 1977 quinto,
429 1948 520 1969 num.
549 1936 597 1975 1.,
637 1937 677 1968 de
710 1945 820 1967 morte
854 1933 985 1980 peccati
1016 1934 1176 1978 loquens:

48 1992 139 2031 „Hic
165 2006 242 2034 ergo
270 1994 384 2035 homo,
397 2001 416 2015 ‘⁴
441 1996 569 2041 inquit,
595 1997 682 2042 „qui
706 1997 771 2044 jam
796 1998 1005 2049 reforuiatur‘,
1025 2005 1058 2029 et
1080 2008 1177 2040 repa-

46 2064 137 2086 ratur
167 2055 207 2087 ad
243 2056 419 2098 imaginem
450 2058 534 2098 Dei,
571 2073 680 2104 neque
713 2069 881 2099 terrenus,
918 2071 1028 2106 neque
1052 2057 1086 2091 in
1110 2057 1176 2090 ¹¹0⁰

142 2191 170 2231 1)
196 2190 317 2222 psam„
345 2191 468 2230 cxix,
499 2192 571 2227 165.
596 2195 790 2239 (cxvm.)

137 2247 170 2290 2,
196 2246 296 2280 Rom.
323 2247 412 2290 vm,
437 2248 489 2283 35.
