1403 2492
155 47 201 84 24
489 48 601 83 Ρετιιι
632 49 802 85 ΒΛωευε
827 51 958 86 llum-11

161 150 240 172 suae
263 138 406 172 decursu
429 139 577 173 incertus
599 139 633 173 in
659 154 699 174 co
723 150 920 183 argumento
936 141 1137 184 Augustinus
1157 141 1298 174 {luctua-

163 199 221 233 vit.
268 201 408 234 Exstant
440 200 583 244 insignes
615 202 684 247 ejus
715 204 756 236 ad
790 204 1036 250 Hieronymum
1068 213 1101 236 ct
1133 204 1299 248 Optatum

163 261 357 307 Epistulae,
383 263 474 296 unde
497 263 753 297 haesitationem
779 264 867 310 ejus,
900 264 1216 309 cunctationemque
1242 277 1301 297 co-

165 335 323 366 gnoscas;
346 336 444 369 quam
469 334 503 358 et
526 325 599 358 aliis
623 336 795 371 praeterea
822 326 906 359 locis
930 326 1094 371 prodidit,
1117 336 1199 371 puta
1224 326 1299 359 libr.

165 384 198 419 7.
222 394 256 418 et
280 385 332 420 10.
356 386 398 419 de
423 386 546 420 Genesi
570 388 611 420 ad
636 388 779 430 literam,
805 398 837 421 et
862 388 952 421 alibi.
992 387 1139 432 Septimi
1163 388 1301 432 quidem

166 445 266 492 hujus
299 447 378 480 libri
409 461 481 494 cap.
505 449 537 484 6.
572 449 746 482 materiam
778 450 945 495 quandam
969 449 1180 494 spiritualem
1203 449 1301 482 initio

165 508 325 542 molitum
357 522 427 543 esse
457 510 571 543 Deum
607 509 791 556 conjectat,
825 524 841 543 e
868 524 931 556 qua
964 511 1141 544 hominum
1173 511 1304 544 animae

167 570 333 604 formatae
355 572 497 605 subinde
517 585 556 605 ac
574 572 671 604 fictae
691 581 786 605 sunt:
813 572 990 606 »Fortasse
1011 572 1156 618 potuit‚«‹
1183 572 1304 617 inquit,

169 641 225 665 »et
247 633 373 675 anima,
405 643 584 679 antequam
616 646 655 666 ea
687 633 760 678 ipsa
790 643 907 667 natura
937 634 1052 673 fieret,
1087 647 1172 679 quae
1195 634 1304 667 anima

167 693 311 736 dicitur,
343 695 436 743 cujus
461 695 514 728 vel
546 694 766 740 pulchritudo
791 694 915 736 virtus,
951 695 1004 728 vel
1029 695 1230 728 deformitas
1255 695 1305 728 vi-

166 756 252 790 tium
278 766 344 799 est,
370 758 492 790 habere
517 756 666 801 aliquam
689 756 864 789 materiam
887 770 952 802 pro
976 770 1037 790 suo
1061 770 1182 800 genere
1206 757 1306 802 spiri-

167 819 313 860 tualem,
343 832 428 864 quae
460 819 614 852 nondum
644 827 731 851 esset
754 818 882 860 anima3
921 818 1008 852 sicut
1027 828 1134 859 terra,
1165 820 1207 852 de
1241 832 1306 864 qua

167 892 245 913 caro
269 881 356 914 sacta
381 890 441 922 est,
464 879 532 925 jam
556 889 627 913 erat
649 879 790 925 aliquid,
815 880 964 925 quamvis
988 893 1057 913 non
1085 889 1156 914 erat
1180 894 1302 914 carot«

168 949 202 975 et
230 942 255 975 Ῑ.
279 943 428 978 Retract.
453 944 561 975 »Nam
585 943 678 988 quod
703 942 823 975 attinet
846 943 888 975 ad
912 942 1015 974 animi
1041 943 1216 985 originem,
1241 956 1305 987 qua

166 1002 210 1035 sit
231 1002 266 1036 in
291 1017 452 1049 corpore,
476 1014 591 1038 utrum
615 1005 657 1037 de
683 1004 744 1037 illo
771 1018 839 1037 uno
864 1004 924 1043 sit,
951 1004 1009 1049 qui
1034 1004 1186 1049 primum
1212 1018 1303 1038 crea-

169 1073 240 1106 tus,
278 1067 413 1110 quando
448 1066 554 1098 factus
585 1075 635 1098 est
671 1066 776 1098 homo
807 1066 842 1098 in
871 1066 1017 1099 animam
1042 1066 1229 1107 viventem,
1264 1079 1306 1098 an

168 1125 324 1159 similiter
343 1128 425 1160 fiant
447 1127 585 1170 singulis
609 1126 856 1170 ningulae‚'nec
882 1137 955 1161 tum
979 1127 1138 1169 sciebam,
1161 1141 1224 1161 nee
1249 1129 1308 1161 ad-

169 1186 236 1220 huc
260 1187 364 1222 scio.«

258 1250 391 1296 Nempe
424 1253 595 1297 utrimque
626 1252 822 1297 Scripturae
852 1251 1055 1285 testimoniis
1084 1252 1305 1297 pugnabatur.

168 1309 240 1354 Qui
263 1313 445 1345 tuebantur
468 1313 656 1346 animarum
681 1311 930 1359 προΰπαρξιν,
955 1314 1113 1346 adversus
1138 1327 1212 1353 eos,
1249 1313 1306 1358 qui

167 1373 293 1407 animas
315 1383 397 1408 tunc
419 1375 524 1408 creari
555 1375 733 1415 volebant,
768 1388 844 1407 cum
876 1374 1082 1419 praeparatis
1106 1375 1308 1420 corporibus

169 1445 264 1468 erant
286 1435 501 1476 inserendae,
532 1436 598 1469 hoc
622 1436 745 1469 Genes.
770 1436 822 1476 II,
846 1436 878 1470 2.
910 1435 1135 1470 intentabant:
1169 1436 1233 1469 »Et
1255 1450 1308 1470 re-

171 1496 300 1541 quievit
324 1498 451 1543 (Deus)
476 1497 530 1531 die
554 1498 701 1544 septimo
730 1499 771 1530 ab
795 1497 952 1530 universo
979 1510 1100 1543 opere,
1133 1499 1225 1542 quod
1249 1512 1308 1543 pa-

169 1566 309 1593 trat-ata
358 1560 484 1594 Contra
507 1561 775 1605 praetendebant
798 1560 980 1593 adversarii
1003 1559 1090 1592 illud
1115 1560 1237 1594 J'oann.
1263 1561 1309 1601 ll,

168 1619 221 1655 17.
270 1621 392 1655 »Pater
414 1635 509 1655 meus
533 1635 640 1668 usque
664 1622 770 1654 modo
795 1631 966 1666 operatur,
991 1631 1025 1655 et
1049 1634 1110 1664 ego
1136 1635 1305 1666 operorz«

169 1683 263 1726 quod
287 1684 330 1716 ad
353 1684 616 1729 providentiam,
639 1697 709 1717 non
733 1685 774 1717 ad
800 1684 1007 1717 creationem
1031 1684 1089 1717 alii
1105 1684 1307 1717 referebant.

170 1744 345 1779 Videndus
375 1746 552 1780 Nemesius
588 1747 665 1780 libr.
691 1747 733 1779 de
757 1756 875 1781 natura
902 1746 1066 1785 hominis,
1095 1758 1169 1790 cap.
1190 1745 1241 1785 2.,
1274 1755 1307 1778 et

171 1807 376 1848 Augustinus
408 1809 444 1841 in
476 1809 611 1842 laudata
641 1809 683 1841 ad
714 1808 966 1852 Hieronymum
1000 1807 1156 1851 epistola.
1211 1808 1307 1840 Nulli

169 1866 271 1910 igitur
300 1869 426 1904 mirum
457 1882 527 1904 esse
559 1871 678 1910 debet,
712 1869 882 1914 scripsisse
909 1868 1111 1912 Gregorium
1144 1870 1305 1912 Magnum

170 1929 343 1974 epistolar.
374 1932 451 1965 libr.
477 1933 509 1966 7.
549 1932 672 1965 Indict.
697 1931 729 1965 2.
768 1931 864 1976 epist.
889 1930 961 1970 53..
1000 1931 1234 1975 quaestionem
1264 1931 1306 1964 de

169 1991 279 2024 anima
293 1992 450 2027 Patribus
473 1993 561 2026 solvi
586 2006 655 2026 non
680 2006 779 2037 posse
798 1993 902 2025 visam
926 2005 1007 2033 esse,
1033 2006 1111 2026 cum
1134 2005 1177 2025 ne
1202 1992 1307 2037 ipsius

169 2052 309 2098 quidem
332 2056 543 2100 temporibus
568 2067 673 2099 ecqua
697 2067 715 2086 e
738 2054 877 2099 reliquis
902 2054 1121 2099 opinionibus
1137 2066 1201 2098 pro
1217 2063 1307 2087 certa

168 2113 365 2156 haberetur,
390 2116 529 2149 ecclesia
554 2116 830 2162 praescripsisset.
876 2116 977 2149 Unde
1001 2116 1122 2148 salsum
1154 2128 1223 2148 esse
1248 2129 1306 2160 ap-

169 2186 285 2223 paret,
314 2178 407 2222 quod
439 2177 485 2210 ait
507 2177 714 2211 Justinianus
746 2178 780 2210 in
806 2192 858 2224 cp.
883 2178 925 2210 ad
948 2179 1116 2224 synodum
1141 2177 1306 2211 Constan-

171 2237 450 2285 tinopolitanam,
484 2253 583 2285 quam
617 2240 751 2274 exhibet
778 2240 967 2274 cedrenus:
996 2239 1044 2278 ‘II
1070 2240 1111 2276 δὲ
1136 2239 1306 2284 ἐκκλησία
