1403 2492
384 110 697 143 Omcnmanonum
721 108 833 140 Lmen
859 107 901 139 ΙΙ.
1154 107 1198 142 29

68 201 237 247 quondam
271 209 303 232 ct
336 198 601 244 incorporalium
633 205 898 231 creaturarum«
951 196 1108 241 Denique
1133 197 1197 230 So-

68 263 230 308 phronius
254 261 584 305 Hierosolymitanus
617 258 651 291 in
676 272 728 302 ep.
761 258 802 290 ad
827 257 982 300 Sergium
1008 258 1200 291 Constanti-

68 324 325 369 nopolitanum,
353 336 436 368 quae
460 322 600 355 habetur
622 320 658 352 iu
683 319 819 353 Action.
845 320 897 354 11.
921 321 1038 365 synod.
1063 320 1112 363 6.‚
1137 321 1201 354 alia

72 385 211 428 Origeni
243 385 380 419 crimina
413 383 592 431 objiciens,
629 395 669 415 eo
700 381 812 426 ipsum
844 381 979 415 liberat:
1015 382 1102 416 Ἀλλ’
1135 382 1201 418 οὐκ

72 445 287 492 ἐπειδήπερ,
313 445 438 494 inquit,
474 447 511 479 αἱ
542 446 614 479 τῶν
639 441 848 489 ἀνθρώπων
873 445 991 488 ψυχαὶ
1014 446 1105 479 θεοῦ
1124 443 1201 489 χά-

72 522 140 553 ριτι
171 508 237 552 τὴν
267 508 416 555 φθοράν
447 505 678 546 ἀπεώσαντο,
717 503 782 549 τὴν
811 503 908 553 πάσῃ
942 508 1062 553 κτίστῃ
1095 505 1200 551 ([ύσει

74 569 368 617 ἒμᾳωλεὺουσαν.
404 568 475 604 Διά
493 571 597 604 τοῦτο
616 569 676 601 καὶ
700 566 770 611 πρὸ
788 567 967 612 σωμάτιον
982 567 1092 606 αὐτὰς
1109 566 1204 603 ὑπο-

74 631 290 677 nuisement,
316 629 337 676 ἢ
363 631 432 678 πρὸ
452 633 513 674 τῆς
534 632 597 665 τοῦ
614 628 802 675 ὁρωμένου
825 627 966 672 κόσμου
982 632 1207 674 παραγωγῆς

75 695 136 727 καὶ
167 692 378 739 συμπήξεως
408 693 448 727 ἐν
478 691 585 736 ἀϊδίῳ
615 693 686 726 τινὶ
718 692 784 739 ζωῇ
816 693 931 726 τελεῖν
968 690 1204 736 ἒννοήσομεν,

75 756 136 790 καὶ
158 758 241 799 βίον
263 755 359 800 ἔχειν
377 753 548 800 οὐράνιον
572 754 752 799 φήσομεν,
779 749 942 798 ἄσαρκόν
965 766 1002 789 τε
1026 755 1086 788 καὶ
1109 753 1207 789 ἀσώ-

76 829 194 860 ματον
217 816 329 858 ζώσας
352 816 443 860 ζωὴν
467 815 532 860 τὴν
550 815 671 850 ἀΐδιον
689 816 729 850 ἐν
746 814 888 860 οὐρανῷ
908 828 993 850 ποτε
1017 814 1066 860 μῆ
1088 814 1209 861 ὑπάρ-

71 892 190 925 χοντι,
217 877 264 919 ὥς
281 879 469 925 Ὡριγένης
492 876 510 913 ὁ
535 876 752 925 παράφορος
778 876 954 921 βούλεται,
974 879 1035 911 καὶ
1065 879 1099 912 οἱ
1122 876 1210 912 τοὺ-

76 953 140 975 του
163 938 370 985 συμμύσῑαι
395 941 457 974 καὶ
483 939 692 986 σύμᾳρονες
715 941 901 984 Δίδυμος,
934 941 995 973 καῖ
1014 938 1208 985 Εὐιέγριος,

77 1003 138 1036 καὶ
160 999 179 1036 ὁ
204 999 331 1040 λοιπὸς
344 1000 472 1036 ἀὐτῶν
491 1004 773 1047 μυθομὲριμνος
789 999 925 1046 ὅμιλος.
963 1001 1012 1033 Ex
1029 1000 1213 1046 hisliquct,

79 1072 201 1108 quanta
235 1062 338 1096 fuerit
374 1062 530 1105 Origenis
564 1063 598 1095 in
634 1072 813 1107 utramque
847 1071 978 1106 partem
1017 1063 1211 1097 fluctuatio:

80 1125 138 1158 sed
160 1125 192 1169 ¹)
223 1124 257 1157 in
288 1137 361 1157 eam
391 1133 504 1157 tamen
534 1125 637 1167 magis
668 1124 883 1169 propendere
909 1122 996 1155 visus
1022 1132 1091 1163 est,
1127 1137 1212 1168 quae

82 1186 210 1219 animae
241 1199 363 1230 corpus
393 1186 562 1220 adscribit.
620 1185 721 1219 Certe
746 1185 934 1230 Stephanus
960 1184 1115 1218 Gobarus
1139 1185 1215 1218 Tri-

82 1247 184 1280 theita
215 1247 304 1291 apud
334 1247 496 1280 Photium
530 1248 615 1281 Cod.
640 1246 716 1281 232.
749 1248 904 1288 dogmata
935 1246 1113 1291 pleraque,
1155 1248 1214 1280 sed

83 1309 154 1341 sere
178 1318 288 1341 tamen
302 1308 502 1351 origeniana
526 1320 740 1352 propugnans
758 1317 791 1340 et
814 1308 1020 1352 impugnans,
1043 1308 1215 1342 tricesimo

85 1370 164 1403 loco
190 1370 276 1403 illud
301 1370 475 1414 expendit:
499 1369 574 1404 Ὅτι
600 1367 750 1413 σώματά
776 1372 840 1404 εἶσι
869 1367 977 1415 νοερὰ
1005 1371 1131 1404 αἰτῶν
1147 1370 1216 1405 ἁν-

85 1430 246 1478 &quinam
269 1434 402 1476 ψυχαὶ,
429 1433 491 1466 καὶ
516 1432 826 1476 διατετυπωμέναι
851 1430 942 1465 κατὰ
967 1429 1006 1465 τὸ
1031 1429 1216 1479 φαινόμε-

86 1505 153 1528 νον
177 1493 313 1533 ἔξωθεν
335 1495 397 1528 τοῦ
415 1491 581 1538 σώματος
605 1494 743 1538 σχῆμα·
768 1494 830 1527 καὶ
854 1492 894 1527 ἐκ
917 1495 979 1527 τοῦ
1011 1492 1217 1537 ‘'mmmm-6*

86 1567 168 1598 νου,
203 1552 256 1590 ὅτι
281 1552 472 1601 ἀσώματός
495 1555 593 1589 ἔστιν
616 1552 636 1597 ἤ
665 1552 782 1599 ψυχὴ,
816 1555 874 1588 καὶ
909 1559 1128 1599 σωματικοῖς
1152 1554 1219 1601 οὐχ

86 1614 273 1652 ὑπόκειται
297 1615 432 1655 τύποις.

177 1679 253 1712 XV.
288 1678 398 1711 Porro
423 1677 542 1711 animis
560 1690 704 1722 corpora
721 1677 882 1719 affingens
900 1677 1075 1720 Origenes,
1099 1678 1220 1712 ducem

87 1753 184 1773 suum
208 1753 246 1773 ac
270 1740 469 1772 dictatorem
492 1739 673 1772 Platonem
697 1738 860 1779 deseruit,
885 1739 942 1784 qui
967 1749 1222 1784 corporatur-am

89 1801 224 1834 sustulit
246 1802 287 1834 ab
312 1801 448 1834 animis:
474 1809 507 1833 at
530 1800 614 1833 alios
639 1808 751 1832 tamen
779 1812 817 1833 ex
839 1800 983 1845 antiquis
997 1800 1222 1845 philosophis,

91 1875 175 1906 quos
199 1872 411 1908 sequeretur,
442 1861 560 1896 habuit
590 1860 791 1905 complures.
846 1861 979 1894 Horum
1003 1862 1031 1895 si
1056 1862 1128 1906 quis
1152 1862 1224 1907 pla-

185 2017 217 2062 ¹)
244 2017 375 2063 Corpus
399 2018 536 2063 quidem
560 2019 690 2052 animae
711 2017 870 2052 adscribit
892 2018 1073 2061 Origenes,
1104 2029 1223 2064 utpote

95 2074 179 2108 quae
203 2063 309 2102 nuda,
333 2063 460 2108 inquit,
485 2065 725 2109 comprehendi
748 2077 816 2097 non
841 2063 966 2108 possit,
999 2077 1061 2097 nec
1093 2062 1130 2098 in
1154 2066 1228 2099 ullo

96 2121 264 2152 corporeo
290 2109 471 2141 consistere
495 2109 593 2148 loco,
625 2110 704 2154 quin
728 2109 874 2150 indigeat
899 2121 1043 2152 corpore
1067 2111 1109 2142 ad
1133 2121 1229 2143 natu-

96 2165 167 2185 ram
192 2152 261 2185 loci
283 2152 374 2186 illius
398 2155 675 2196 accommodat03
698 2155 756 2187 sed
782 2155 828 2186 ita
852 2153 1022 2195 adscribit,
1046 2164 1083 2187 ut
1107 2156 1150 2188 sit
1174 2170 1228 2188 ex-

96 2198 199 2230 terius
222 2197 349 2230 animae
372 2198 628 2239 indumentum,
663 2212 726 2232 nec
754 2199 882 2232 animae
911 2208 1062 2232 naturam
1093 2200 1126 2232 in
1153 2214 1228 2232 cor—

96 2255 182 2287 pore
206 2242 321 2287 ponit,
344 2243 538 2276 Platonicos
562 2244 622 2277 hac
645 2244 678 2277 in
703 2257 739 2277 re
763 2253 914 2284 secutus,
939 2245 1226 2289 quemadmodum

98 2287 347 2322 observavimus
373 2287 510 2332 Quaest.
533 2301 640 2323 nonae
665 2290 707 2322 de
732 2289 854 2332 angelis
878 2303 968 2322 num.
996 2291 1056 2323 ΙΙΙ.
1106 2291 1144 2323 R.
