1403 2492
380 102 693 136 Omcssmmontm
717 99 830 134 me
855 99 897 133 ΙΙ.
1143 101 1185 137 21

62 190 207 231 inditur,
229 204 292 224 nec
316 203 375 232 ne,
404 205 472 225 non
495 191 573 225 satis
595 190 777 224 manifesta·
793 188 1045 234 praedicatione
1070 188 1189 221 distin·

61 252 219 294 guitur-:¹1
253 253 310 298 qui
341 254 436 286 locus
458 253 631 298 profertur
662 252 695 286 in
720 251 940 297 supposititio
967 250 1102 294 dialogo
1126 251 1188 282 sub

62 313 261 360 Hieronymi
286 324 319 349 et
342 313 518 357 Augustini
541 313 698 354 nomine,
722 313 779 358 qui
802 313 945 346 habetur
967 311 1055 346 inter
1076 310 1190 356 spuria

62 375 281 422 Hieronymi;
311 385 343 410 et
367 376 401 409 in
425 376 539 420 Opere
564 376 606 408 de
630 375 754 408 deitate
778 384 811 408 et
834 373 1062 408 incarnatione
1085 371 1190 406 Verbi

61 437 104 468 ad
133 437 347 479 Januarium,
384 437 441 483 qui
471 437 584 470 Tomo
610 436 786 480 Augustini
817 445 937 482 quarto
970 433 1191 474 subnectitur,

62 497 139 531 libr.
166 498 195 533 1.
220 512 290 544 cap.
314 498 365 540 2.,
396 508 429 532 et
459 500 632 544 profertur
654 498 841 544 ¹utrobique
870 496 952 542 ipsis
974 495 1091 530 Rufini
1119 508 1193 528 ver-

62 560 125 592 bis.
180 561 276 593 ldern
305 560 341 593 in
366 573 419 605 ep.
450 561 491 593 ad
521 561 622 594 Rom.
653 560 712 593 lib.
736 560 780 592 II.
811 572 904 592 num.
933 558 966 593 4.
1006 557 1064 592 »Si
1091 556 1193 590 etiam

65 631 155 655 extra
178 635 299 667 corpus
322 621 426 667 positi
450 622 503 654 vel
519 621 635 663 sancti,
659 621 812 667 quicum
830 619 964 656 Christo
982 628 1069 660 sunt,
1093 627 1194 661 agunt

63 683 210 728 aliquid,
245 692 278 716 et
309 684 463 717 laborant
492 696 555 729 pro
586 684 686 717 nobis
710 684 752 717 ad
775 681 1035 716 similitudinem
1057 680 1195 723 angelo-

63 757 158 786 rum,
182 744 239 789 qui
260 744 375 778 salutis
398 755 532 778 nostrae
555 744 739 778 ministeria
762 752 963 790 procurant;
983 743 1037 776 vel
1060 755 1194 775 rursum

62 814 256 850 peccatores
281 806 381 839 etiam
404 806 470 852 ipsi
494 816 584 841 extra
607 820 730 852 corpus
753 806 857 853 positi
879 814 980 849 agunt
1001 802 1196 849 aliquid-so·

65 868 212 901 cundum
235 868 452 913 propositum
476 868 597 902 mentis
620 868 756 914 suae,¹)
782 868 824 901 ad
848 867 1045 910 angelorum
1068 863 1193 898 nihilo-

63 929 176 963 minus
199 929 454 963 similitudinem
479 929 712 972 sinistrorum,
735 943 812 963 cum
835 928 955 975 quibus
982 937 1016 961 et
1038 926 1072 960 in
1088 935 1195 960 aeter-

64 1004 146 1025 num
169 991 278 1035 ignem
304 992 460 1026 mittendi
489 992 649 1025 dicuntur
671 1005 688 1025 a
713 991 864 1025 Christo:
894 990 1055 1023 habeatur
1069 988 1105 1034 2)
1129 988 1196 1020 hoc

65 1066 202 1098 quoque
237 1053 325 1086 inter
354 1054 488 1087 occulta
524 1054 608 1095 Dei,
642 1067 704 1087 nec
744 1052 914 1086 chartulae
952 1050 1196 1085 committenda

65 1115 250 1161 mysteria.«
302 1109 396 1159 Quin
425 1126 459 1149 et
482 1116 542 1149 lib.
566 1117 613 1149 Π.
643 1115 678 1148 in
704 1115 831 1149 Cantic.
857 1114 1027 1148 Canticor.
1050 1111 1197 1145 animam

64 1189 336 1222 unamquamque
365 1176 401 1209 in
425 1190 483 1209 sua
512 1176 617 1221 ipsius
648 1176 840 1219 cognitione
865 1174 1094 1219 comparanda<
1114 1171 1197 1205 eniti

67 1238 190 1271 debere
220 1239 386 1278 sanciens,
410 1238 525 1282 {varias
553 1252 656 1283 super
686 1251 725 1271 ea
756 1251 794 1271 ac
818 1235 1001 1270 contrarias
1025 1242 1198 1268 enumerat

68 1299 265 1344 opiniones,
303 1312 383 1345 quas
415 1299 580 1333 discutere
604 1313 643 1333 ac
666 1299 829 1332 ventilare
853 1297 997 1331 animam
1020 1296 1134 1342 jubet,
1164 1304 1199 1327 et

67 1361 102 1394 in
133 1361 422 1394 verisimilioribus
453 1361 675 1406 acquiescere.
737 1359 795 1394 Sic
829 1367 942 1392 autem
981 1371 1036 1391 eas
1066 1357 1197 1390 animae

66 1423 299 1467 expendendas
323 1422 427 1463 dedit,
451 1431 489 1455 ut
513 1421 548 1455 in
570 1431 748 1467 utramque
770 1430 902 1467 partem
925 1420 967 1453 de
991 1419 1059 1452 illis
1083 1418 1199 1463 dispu-

66 1494 153 1524 tare,
186 1494 220 1518 et
249 1484 373 1517 rationi
403 1484 508 1527 magis
539 1493 775 1516 consentaneas
806 1482 930 1525 eligere
952 1481 1017 1515 hoc
1040 1490 1196 1524 tempore

67 1546 200 1580 licuisse
224 1546 388 1579 videatur.
447 1546 535 1579 Hinc
566 1545 642 1579 libr.
677 1546 718 1578 ll.
754 1546 838 1592 περὶ
871 1544 1011 1590 ἀρχῶν,
1050 1555 1121 1586 cap.
1152 1541 1196 1580 8·‚

66 1616 247 1654 postquam
276 1607 392 1640 multis
425 1607 581 1641 disseruit
611 1608 653 1640 de
685 1607 811 1647 anima,
843 1615 876 1639 et
900 1618 1035 1639 excussa
1057 1617 1075 1636 a
1098 1602 1197 1636 nobis

65 1669 220 1714 superius
243 1668 366 1713 placita
388 1669 586 1715 proposuit,
610 1668 746 1715 subjicit
768 1669 860 1702 illud*
879 1668 1033 1706 tandem,
1055 1678 1148 1698 num.
1166 1663 1199 1698 4.

69 1732 330 1764 »Verumtamen
361 1731 455 1775 quod
485 1731 645 1771 diximus,
682 1739 830 1763 mentem
861 1730 894 1763 in
926 1728 1072 1762 animam
1103 1725 1199 1766 verti,

69 1793 124 1825 vel
153 1792 181 1826 si
212 1806 276 1838 qua
306 1792 371 1825 alia
401 1793 435 1825 in
472 1793 538 1825 hoc
570 1792 727 1825 videntur
755 1791 950 1837 adspicere,
977 1787 1146 1823 'discutiat
1162 1788 1198 1832 ³)

69 1855 159 1899 apud
182 1867 216 1887 se
242 1854 299 1899 qui
322 1853 402 1896 legit
426 1854 629 1896 diligentius,
653 1863 686 1886 ct
701 1862 899 1899 pertractet:
924 1866 942 1885 a
965 1851 1064 1884 nobis
1088 1859 1200 1882 tamen

70 1929 137 1947 non
169 1926 329 1960 putentur
360 1916 454 1948 velut
484 1916 640 1957 dogmata
673 1928 742 1948 esse
766 1915 915 1960 prolata,
949 1914 1009 1946 sed
1035 1910 1200 1945 tractandi

71 1990 166 2009 more
189 1990 227 2010 ac
250 1976 443 2022 requirendi
469 1989 539 2009 esse
564 1977 752 2010 discussam
780 1985 814 2008 et
829 1975 932 2021 paulo
949 1983 1037 2020 post,
1061 1987 1153 2006 num.
1169 1972 1201 2007 5.

167 2116 197 2159 ¹)
229 2117 315 2149 Edd.
347 2116 479 2150 Iluetii:
519 2129 633 2157 »suae‚
678 2117 875 2160 angelorum
913 2115 1132 2149 nihilominus
1160 2115 1203 2148 ad

72 2162 358 2197 similitudinem.«

165 2219 200 2263 ²)
225 2219 287 2251 Ed,
316 2218 435 2250 Ruaei:
463 2219 644 2251 »habeatur
669 2227 702 2251 et
726 2218 791 2252 hoc
816 2231 985 2265 quoque.«

167 2275 202 2320 ³)
225 2274 312 2309 Edd.
338 2275 473 2310 lluct’112
500 2284 553 2309 »et
577 2274 764 2310 discutiam«
