1403 2492
197 98 265 134 276
540 97 652 131 Pin-m
676 97 850 131 Damnus
875 97 1004 131 Hunni

202 188 357 222 solvendi
382 195 585 233 potestatem
611 200 730 220 eorum
749 187 912 229 omniurn,
937 188 996 233 qui
1020 196 1198 233 peccantes
1221 188 1338 221 fratres

204 249 496 295 objurgationibus
523 249 710 290 incessunt,
744 262 961 284 communem
987 263 1057 283 esse
1081 250 1203 283 volunt
1227 251 1340 292 Augu·

203 313 308 345 stinus
340 313 383 344 de
414 312 519 344 verbo
550 311 712 350 Domini,
742 311 871 346 Homil.
894 313 968 350 XV,
999 311 1274 358 Theophylactus
1305 311 1339 344 in

203 373 324 407 Matth.
349 373 479 413 xvtll,
505 373 572 414 18..
596 382 629 406 et
654 373 846 406 Anastasius
870 373 1017 407 Nicenus
1044 373 1182 418 Quaest.
1206 372 1261 407 61.

294 437 339 469 ll.
386 434 520 477 Magnis
557 448 638 468 vero
681 444 714 467 et
748 435 903 480 repetitis
935 434 1174 468 controversiis
1206 443 1341 467 vexatus

205 508 255 533 est
278 498 337 531 ille
363 496 518 538 Origenis
549 497 593 530 de
624 497 834 530 Eucharistia
858 498 972 538 locus,
1008 509 1110 543 quem
1141 496 1194 529 hic
1226 496 1340 529 Tomo

203 563 266 596 XI.
290 560 325 593 in
349 560 471 592 Matth.
502 571 595 591 num.
622 559 674 593 14.
707 559 914 593 exhibemus.
968 560 1107 594 Summa
1139 558 1230 591 iltius
1261 557 1342 590 haee

207 633 273 658 est:
311 621 491 665 Quendam
525 621 644 668 objicit
675 621 737 654 sibi
771 621 960 662 dicentem,
1000 634 1077 653 cum
1100 620 1191 667 juxta
1216 619 1342 653 Christi

205 684 483 732 pronuntiatum,
508 683 600 727 quod
625 682 659 716 in
686 697 726 716 os
746 683 858 724 intrat,
883 682 1057 717 homiuem
1082 695 1151 715 non
1175 681 1342 727 inquinet,

206 748 252 782 ita
276 746 370 792 quod
395 744 429 777 in
454 757 492 777 os
516 744 618 777 intrat
629 769 641 784 „
662 745 835 778 hominem
865 755 1014 778 sanctum
1040 758 1108 778 non
1133 744 1279 784 efficere,
1305 743 1344 776 li-

207 820 260 844 cet
283 820 379 842 secus
405 807 447 839 de
472 819 558 852 pane
585 807 708 840 Christi
732 807 957 852 simpliciores
988 807 1142 841 sentiant.
1190 807 1345 851 Respon-

207 874 266 907 det
291 869 475 912 Origenes,
505 869 795 914 quemadmodum
825 883 895 902 non
928 870 1020 903 cibus
1053 869 1208 901 edentem
1234 867 1345 912 inqui·
1385 893 1389 897 .

207 943 284 974 nat,
313 932 371 965 sed
404 930 474 976 ejus
500 929 722 971 conscientia,
754 930 811 976 qui
838 930 914 964 curn
941 931 1151 964 dubitatione
1176 929 1345 970 eomedit;

208 1006 242 1031 et
266 992 554 1040 quemadmodum
578 991 715 1037 impuro
740 993 872 1026 homini
895 994 1062 1026 mundum
1081 992 1165 1025 nihil
1191 1000 1251 1032 est,
1274 1004 1343 1024 non

208 1072 247 1093 ex
271 1070 325 1097 se,
354 1055 414 1088 sed
437 1063 580 1098 propter
609 1053 736 1099 impuri
767 1054 864 1102 hujus
896 1055 1043 1088 hominis
1075 1053 1344 1086 immunditiam:

208 1121 254 1154 ita
278 1117 372 1164 quod
404 1128 467 1161 per
499 1117 638 1148 verbum
670 1115 756 1156 Dei,
788 1126 821 1150 et
851 1130 988 1162 precem
1019 1125 1252 1150 consecratum
1284 1124 1344 1155 est,

207 1195 276 1217 non
302 1193 341 1213 ex
372 1190 408 1211 se
432 1177 670 1210 comedentem
701 1177 836 1211 efficere
867 1187 1036 1218 sanctum,
1068 1177 1220 1223 alioquin
1244 1187 1279 1211 et
1303 1177 1345 1217 ei,

210 1244 269 1291 qui
297 1239 445 1288 peccatis
478 1239 634 1284 pollutus
666 1239 835 1281 comedit,
870 1240 1080 1274 sanctitatem
1121 1240 1344 1281 coliaturum3

209 1306 269 1340 sed
293 1291 333 1336 en
357 1313 399 1335 eo
423 1311 495 1335 tum
521 1302 792 1334 emolumentum
817 1301 909 1347 capi,
941 1316 1018 1336 cum
1049 1315 1133 1347 pura
1157 1311 1288 1343 mente,
1312 1311 1346 1335 et

210 1369 340 1409 integra
369 1363 576 1397 conscientia
607 1363 787 1409 accipitur:
825 1376 935 1410 neque
973 1364 1173 1397 abstinendo
1205 1365 1247 1397 ab
1278 1365 1345 1398 hoc

208 1441 307 1477 pane,
334 1427 387 1459 vel
412 1426 558 1458 eundem
583 1427 807 1466 comedendo,
832 1438 870 1459 ex
895 1426 956 1459 hac
971 1426 1170 1459 abstinentia
1199 1428 1253 1460 vel
1276 1440 1345 1471 esu,

211 1495 304 1526 bono
329 1488 444 1532 aliquo
469 1500 531 1519 nos
556 1486 704 1519 fraudari
731 1488 785 1519 vel
809 1487 941 1529 augeri,
964 1488 1021 1521 sed
1047 1488 1092 1521 ita
1117 1489 1292 1528 duntaxat,
1316 1489 1344 1522 si

212 1553 267 1586 vel
291 1562 454 1595 nequam,
486 1549 540 1581 vel
573 1548 674 1594 probi
705 1548 824 1588 simus,
856 1549 989 1581 dicente
1014 1549 1160 1583 Paulo-1
1188 1551 1344 1585 Corinth.

210 1615 304 1654 Vlll,
327 1613 357 1647 8.
407 1612 545 1655 »Neque
570 1610 659 1644 enim
684 1610 711 1643 si
733 1610 1059 1651 manducaverimus,
1081 1612 1345 1655 abundabimus;

208 1688 319 1722 neque
350 1674 377 1707 si
407 1685 477 1705 non
509 1672 840 1713 manducaverimus,
879 1673 1106 1706 deficiemus«
1164 1674 1345 1722 Subiungit

209 1747 404 1786 praeterea,
435 1734 725 1779 quemadmodum
756 1733 792 1775 iu
823 1743 974 1767 ventrem
1007 1735 1215 1776 demittitur,
1251 1738 1343 1782 quod

209 1803 311 1836 intrat
332 1798 366 1831 in
393 1810 448 1836 os,
484 1809 522 1829 ac
555 1796 678 1828 deinde
712 1795 845 1841 ejicitur
867 1796 900 1829 in
925 1809 1111 1839 secessum;
1142 1797 1189 1830 ita
1221 1812 1343 1843 panem

210 1869 461 1899 consecratum,
490 1858 676 1891 seeundum
703 1857 739 1891 id
763 1859 856 1903 quod
881 1858 1021 1891 materia
1045 1870 1240 1893 concretum
1265 1861 1343 1895 huic

210 1926 307 1964 inest,
332 1924 366 1955 in
391 1930 543 1954 ventrem
569 1920 720 1964 demitti,
754 1931 786 1953 et
811 1920 887 1966 ejici
919 1920 953 1953 in
984 1934 1169 1961 secessum,
1199 1923 1257 1955 sed
1281 1936 1344 1967 per

209 1986 457 2034 precationem,
494 1995 578 2027 quae
603 1982 655 2014 illi
687 1981 842 2021 accessit,
881 1983 1000 2015 utilem
1035 1984 1226 2017 comedenti
1253 1986 1343 2019 effici

209 2061 273 2094 pro
299 2046 369 2092 ejus
394 2044 473 2077 fidei
497 2043 674 2088 portione;
702 2056 765 2076 nec
794 2044 890 2088 panis
920 2045 1112 2086 materiam,
1147 2047 1205 2079 sed
1230 2047 1342 2091 prola-

210 2119 281 2142 tum
307 2120 408 2154 super
441 2118 482 2138 eo
507 2118 717 2145 sermonem,
749 2118 826 2138 eum
852 2106 985 2151 juvare,
1017 2107 1074 2152 qui
1105 2121 1173 2140 non
1206 2108 1341 2151 indigne

210 2171 320 2216 ipsum
347 2167 506 2201 comedit.
555 2167 712 2212 Denique
737 2181 858 2212 panem
884 2168 998 2209 illum,
1025 2169 1174 2215 typicum
1199 2179 1231 2203 et
1254 2184 1341 2217 sym-

207 2232 360 2265 bolicum
397 2242 519 2274 corpus
559 2229 719 2274 appellat.
783 2230 928 2275 Reliqua
970 2231 1010 2263 ad
1051 2243 1144 2263 esum
1187 2233 1341 2276 corporis

209 2293 332 2328 Christi
355 2291 564 2338 spiritualem
588 2291 771 2336 pertinent,
793 2304 862 2324 non
885 2294 1158 2326 sacramentalem
1182 2303 1219 2327 ut
1242 2307 1341 2341 supe-

269 2430 282 2438 e
