1403 2492
165 96 231 131 168
502 99 613 133 Pie-,Tru
641 101 812 133 hammus
838 101 968 135 Huss‘rn

169 187 253 219 lium
277 188 403 220 stridor
426 189 545 234 aliquis
570 191 740 230 dentium,
771 204 880 236 neque
914 191 997 234 ignis
1029 190 1149 236 aliquis
1184 203 1305 236 perpe-

169 251 245 282 tuus
269 250 479 284 flammarum
506 253 753 297 corporalium,
790 266 900 298 neque
925 253 1046 286 vermis
1072 262 1120 286 est
1146 264 1304 297 corpora-

169 309 219 344 lis.
268 312 337 346 Sed
363 313 444 346 haec
468 314 563 355 ideo,
597 315 673 360 quia
705 315 790 348 sicut
815 329 853 348 ex
876 316 984 348 multa
1010 315 1175 348 cruditate
1201 323 1234 348 et
1257 314 1306 346 fe·

169 374 246 406 bres
269 385 461 417 nascuntur,
487 387 518 409 et
545 390 690 417 verines3
724 377 768 409 ita
792 377 817 410 si
844 377 917 422 quis
942 391 1011 410 non
1037 379 1204 422 decoquat
1226 388 1305 421 pec-

171 444 241 468 cata
266 449 334 478 sua,
360 438 453 470 velut
478 440 620 484 quadam
647 439 843 484 interposita
869 440 1052 472 sobrietate
1076 437 1306 476 abstinentiae,

169 499 229 530 sed
253 498 425 532 miscendo
451 510 586 545 peccata
614 501 768 545 peccatis,
792 512 951 547 tanquam
978 501 1178 539 cruditatem
1203 512 1307 545 quan-

169 560 244 592 dam
272 563 443 594 contrahat
471 573 621 595 veterum
648 572 679 594 ‹·t
696 564 882 597 recentium
901 564 1117 603 delictorum,
1134 563 1210 605 igne
1227 562 1307 595 adu-

169 631 261 654 retur
285 624 446 667 proprio,
485 635 513 656 (ει
549 624 616 656 suis
650 625 818 658 vermibus
844 635 1090 658 consumetur.«
1140 625 1308 670 Hierony-

169 697 242 717 mus
268 686 441 718 doctrinae
467 687 543 718 huic
568 687 647 719 alias
671 687 748 720 satis
773 688 931 727 infensus,
956 688 989 719 in
1015 700 1087 720 eam
1113 696 1224 720 tamen
1248 687 1307 718 be-

169 746 268 788 nigne
293 761 327 780 se
353 751 435 789 gerit
452 750 513 780 sub
532 749 632 781 finem
656 749 712 782 lib.
730 750 856 783 XVlll.
895 750 1086 783 Commeat.
1105 749 1138 781 in
1155 749 1305 782 Esaiam:

175 809 325 842 »Vermis
351 821 480 851 autem,
509 812 567 856 qui
593 825 660 844 non
686 812 869 852 morietur,
892 821 925 844 et
948 811 1051 853 ignis,
1076 810 1133 855 qui
1158 823 1226 842 non
1252 823 1306 842 ex-

170 870 373 913 stinguetur,
406 887 423 906 a
448 874 619 918 plerisque
646 874 849 906 conscientia
881 873 1046 918 accipitur
1076 881 1305 917 peccatorum,

169 946 254 976 quae
279 943 435 980 torqueat
459 936 492 968 in
525 936 700 980 suppliciis
734 925 954 977 constitutos,
992 948 1095 980 quare
1129 934 1211 967 vitio
1244 947 1305 967 suo

167 1004 267 1039 atque
292 1007 431 1040 peccato
458 997 625 1030 caruerint
649 998 837 1030 electorum
864 999 1000 1029 bonuz«
1030 1006 1061 1029 et
1086 997 1190 1041 paulo
1212 1005 1306 1041 post:

173 1058 228 1090 »Si
255 1059 328 1103 quis
363 1060 464 1101 igitur
496 1061 613 1092 habeat
650 1061 682 1092 in
716 1060 919 1092 conscicntia
952 1072 1009 1091 sua
1040 1059 1183 1097 zizania,
1222 1071 1306 1103 quae

172 1119 328 1154 inimicus
369 1123 473 1154 homo
508 1123 709 1154 dormiente*
741 1121 980 1166 patrefamilias
1018 1120 1306 1165 superseminavit,

170 1183 251 1214 haec
277 1183 360 1225 ignis
386 1193 511 1223 exuret,
529 1184 611 1217 baec
635 1184 767 1216 vorabit
791 1184 1017 1216 incendium«
1069 1182 1210 1215 Minime
1235 1184 1307 1228 qui-

169 1244 246 1276 dem
272 1246 374 1278 fldem
400 1247 448 1279 his
473 1260 489 1279 a
514 1260 548 1286 se
573 1246 707 1292 adjungi
738 1254 894 1285 testatur;
925 1246 982 1277 sed
1008 1258 1071 1277 nec
1096 1258 1133 1277 ea
1157 1245 1220 1278 sibi
1245 1245 1307 1278 im—

170 1309 308 1352 probari
334 1309 517 1351 significat3
540 1323 602 1341 nec
628 1310 689 1341 sub
715 1308 832 1347 aliena,
858 1307 916 1339 sed
942 1308 1004 1339 sub
1029 1320 1086 1340 sua
1103 1307 1206 1351 ipsius
1231 1320 1308 1352 per-

170 1383 252 1410 sona
283 1372 458 1415 proponit.
513 1371 655 1403 Diversa
690 1383 768 1402 vero
802 1379 849 1402 est
883 1369 1060 1411 Augustini
1092 1369 1196 1409 ratio,
1230 1383 1306 1402 nam

171 1433 323 1475 quamvis
348 1433 423 1465 libr.
449 1434 544 1468 XXI.
571 1434 611 1465 de
640 1433 740 1464 Civit.
765 1432 843 1471 Dei,
869 1444 940 1476 cap.
966 1432 999 1466 9.
1027 1444 1145 1463 eorum
1171 1431 1306 1475 opinio—

169 1507 245 1526 nem
279 1495 460 1539 reprobet,
491 1495 547 1539 qui
579 1495 689 1536 ignem
721 1495 956 1526 damnatorum
987 1492 1219 1537 metaphorice
1252 1506 1306 1525 su—

170 1564 278 1595 munt,
302 1569 447 1600 eumque
472 1569 678 1601 corporeum
705 1558 848 1589 fateatur
872 1555 948 1587 libri
976 1553 1134 1600 ejusdem*
1153 1568 1222 1599 rap.
1242 1556 1307 1595 10,

171 1625 204 1648 et
229 1616 317 1649 libro
344 1618 428 1658 XII,
459 1619 501 1651 de
535 1619 657 1652 Genes.
689 1619 731 1651 ad
765 1618 863 1657 liter..
882 1630 954 1662 cap.
980 1616 1034 1652 3¹2.
1067 1626 1100 1649 et
1129 1615 1183 1652 33.
1208 1627 1303 1659 neget

169 1679 355 1711 inferorum
380 1681 598 1713 substantiam
625 1694 694 1713 esse
718 1680 947 1724 spiritualem3
973 1687 1005 1710 et
1026 1691 1074 1718 ea,
1099 1678 1221 1722 quibus
1239 1680 1308 1711 ani-

170 1753 242 1772 mae
269 1742 469 1786 corporibus
495 1752 609 1775 exutae
635 1742 846 1780 afficiuntur,
883 1742 1004 1773 doceat
1034 1752 1101 1772 non
1136 1752 1205 1773 esse
1231 1754 1307 1773 cors

170 1804 317 1847 poi-alia,
358 1805 416 1837 sed
448 1805 583 1838 similia·
602 1804 852 1849 corporalibus:
891 1812 1002 1835 tamen
1037 1802 1124 1834 libro
1155 1802 1231 1836 XX.
1264 1803 1306 1836 de

172 1866 272 1898 Civit.
299 1866 381 1906 Dei,
408 1879 479 1911 cap.
507 1866 558 1900 16.
585 1866 694 1908 ignem
721 1866 816 1897 illum
843 1864 925 1897 dicit
950 1877 984 1895 se
1012 1863 1240 1908 »cujusmodi‚
1273 1874 1305 1897 et

171 1928 202 1960 in
230 1941 294 1972 qua
319 1928 437 1961 mundi
462 1929 515 1960 vel
539 1941 652 1960 rerum
677 1937 771 1972 parte
795 1928 927 1959 futurus
957 1925 1000 1957 sit
1024 1925 1197 1958 hominem
1220 1926 1306 1960 scire

174 1974 325 2022 arbitrari
358 1991 545 2029 neminem,
577 1990 637 2022 nisi
672 1990 760 2021 forte
788 1988 841 2020 cui
867 1988 996 2020 dix-inus
1022 1987 1168 2032 Spiritus
1187 1986 1305 2020 'osten-

171 2051 249 2084 ‹lit.«
304 2052 425 2097 Capite
449 2052 501 2086 26.
528 2051 604 2083 libri
630 2049 798 2094 sequentis
821 2049 902 2082 haec
930 2049 1086 2094 Apostoll
1106 2050 1134 2083 1.
1151 2049 1228 2082 Cor.
1246 2050 1304 2089 Ill,

171 2113 222 2147 13.
274 2107 591 2160 ›mUniuscujusque
626 2126 711 2156 opus
743 2112 841 2156 quale
874 2111 932 2152 sit,
964 2111 1048 2153 ignis
1072 2111 1301 2155 probabit:««

170 2184 203 2207 et
228 2189 310 2207 vers.
338 2176 380 2210 15
439 2177 564 2220 »»lpse
589 2184 700 2207 autem
731 2174 840 2206 salvus
873 2172 952 2212 erit,
989 2172 1036 2205 sic
1068 2181 1180 2204 tamen
1212 2174 1304 2216 quasi

169 2250 230 2282 per
257 2237 366 2279 ignem
381 2250 436 2268 :««
463 2237 648 2279 significare
674 2245 771 2281 putat
786 2234 949 2276 angustias
966 2247 1004 2267 ac
1021 2246 1205 2278 moerores,
1232 2234 1304 2278 qui—

169 2301 230 2333 bus
255 2300 358 2332 homo
384 2299 600 2343 percellitur,
633 2312 708 2331 cum
742 2298 840 2330 rebus
871 2297 982 2329 animo
1008 2309 1068 2328 suo
1095 2305 1228 2340 praeter
1251 2310 1303 2329 ac-
