1403 2492
174 73 219 107 50
508 70 619 103 Pssrm
651 70 821 105 Damnus
847 71 977 105 llumn

176 162 318 195 caritatis
345 162 404 193 vis·
417 168 476 199 est,
501 169 539 192 ut
561 161 602 192 ad
627 173 661 193 se
688 160 800 193 omnia
825 161 942 201 trahat,
968 174 1152 207 omnesque
1169 162 1231 195 sibi
1257 176 1312 196 so-

176 224 259 263 ciet,
300 221 516 266 vindicetque
551 221 708 263 virtutcs3
743 222 886 255 maxime
920 235 996 255 cum
1028 222 1173 256 caritatis
1199 236 1310 257 causas

174 285 269 330 prior
292 283 391 316 nobis
414 283 546 316 dederit
572 284 676 323 Deus,
701 284 758 328 qui
778 285 808 328 ¹)
834 284 933 316 unico
955 283 1049 317 Fitio
1075 297 1136 316 suo
1161 297 1229 317 non
1254 298 1312 329 pe-

172 346 293 392 percit,
317 346 376 378 sed
400 358 463 390 pro
489 345 586 378 nobis
613 345 769 378 omnibus
794 346 932 379 tradidit
957 345 1065 385 illum,
1091 355 1124 378 ct
1148 359 1225 378 cum
1250 346 1310 378 ἰΙΙο

175 409 287 442 omnia
312 407 410 443 nobis
436 407 604 440 donavit«
670 407 766 451 Quae
797 407 843 440 ita
876 407 1012 452 quidem
1046 419 1182 448 sonant,
1222 409 1314 453 quasi

172 472 287 504 Deum
313 483 374 515 per
395 468 478 502 Filii
508 478 652 501 mortem
674 468 836 502 caritatis
868 470 1005 511 gratiam
1029 468 1128 502 nobis
1158 469 1314 512 largitum

176 533 276 566 fuisse
301 531 380 564 velit
406 540 483 563 ante
509 544 644 563 onmem
672 530 854 563 voluntatis
879 540 1020 563 motum.
1058 530 1102 563 At
1126 530 1190 562 alia
1216 531 1313 573 longe

174 594 228 627 hic
254 594 333 626 latet
359 592 533 633 sententia,
559 593 718 625 nimirum
731 592 844 624 Deum
867 606 928 637 per
951 600 1096 624 mortem
1115 591 1197 624 Filii
1222 605 1315 624 caus-

174 669 224 689 sas
248 654 346 688 nobis
370 653 520 698 priorem
547 653 689 693 dedisse,
715 667 816 699 quare
830 654 950 699 ‘ipsum
977 653 1112 687 caritate
1139 663 1171 686 et
1195 666 1311 687 amore

172 729 477 763 prosequeremur;
510 715 594 748 hanc
630 725 742 748 autem
776 716 947 749 caritatem
980 725 1012 749 et
1036 727 1187 748 amorem
1211 728 1229 747 a
1253 728 1314 748 no-

172 781 222 813 bis
246 778 406 824 pendere.

262 840 336 874 XV.
384 839 484 872 Unde
515 852 620 884 porro
652 840 684 872 in
722 839 777 873 has
806 838 1023 884 ,opinationes
1061 838 1224 872 adductus
1259 838 1312 879 sit,

173 903 369 947 neutiquam
394 901 465 946 ipse
491 901 688 941 dissimulat,
712 901 772 933 sed
797 914 868 945 cap.
897 901 924 935 1.
953 900 1028 933 libr.
1047 900 1109 933 III.
1133 902 1217 945 περὶ
1242 899 1311 946 ἆρ-

166 969 248 1012 χῶν
271 963 381 997 varios
412 963 531 995 recitat
561 963 756 1007 Scripturae
790 963 904 1002 locos,
935 961 1090 1006 aliosque
1116 961 1243 994 multos
1267 961 1311 994 ait

172 1027 306 1062 silentio
340 1038 412 1058 sese
446 1024 648 1070 praeterire,
692 1025 782 1057 unde
815 1036 960 1056 caussam
994 1036 1088 1055 suam
1119 1023 1310 1056 confirmari

172 1099 277 1136 putat.
325 1088 533 1121 Persuadent
566 1086 617 1118 illi
649 1085 795 1130 quidemr
819 1085 992 1117 hominem
1025 1084 1143 1117 vitium
1168 1085 1255 1118 inter
1279 1095 1311 1118 et

172 1154 351 1190 virtutem,
384 1159 541 1193 tanquam
568 1147 600 1180 in
626 1147 719 1179 bivio
745 1146 913 1191 positum,
941 1147 982 1179 ad
1007 1146 1207 1179 utrumlibet
1228 1147 1310 1180 ferri

171 1227 283 1260 posse,
307 1213 366 1246 sed
390 1211 435 1243 ita
460 1220 589 1250 tamen,
615 1218 653 1241 ut
676 1208 816 1251 gratiae,
841 1220 908 1240 non
935 1206 1075 1252 juvantis
1099 1208 1229 1248 solum,
1252 1208 1309 1240 sed

173 1275 346 1310 excitantis
371 1273 471 1306 etiam
496 1271 683 1305 subsidium
707 1284 776 1303 non
802 1270 998 1303 excludant:
1032 1270 1126 1314 quod
1157 1271 1198 1303 ab
1232 1270 1310 1304 Ori-

172 1352 254 1381 gene
279 1339 405 1370 sactum
430 1334 649 1368 ostendimus.
698 1333 764 1366 Illo
791 1345 871 1364 vero
896 1331 1078 1376 praecipue
1095 1332 1193 1364 Pauli
1217 1332 1309 1364 vide-

172 1412 226 1434 tur
249 1401 381 1437 abusus,
406 1397 463 1441 qui
488 1405 537 1428 est
565 1396 590 1427 ll
618 1394 707 1427 Tim.
735 1395 779 1433 ΙΙ,
804 1394 856 1428 20.
883 1393 936 1427 21.
989 1394 1083 1426 »nln
1109 1407 1225 1436 magna
1253 1407 1310 1426 au-

172 1473 240 1496 tem
265 1462 369 1494 domo
396 1472 464 1491 non
489 1457 599 1490 solum
625 1466 700 1488 sunt
726 1469 800 1488 vasa
825 1467 923 1488 aurea
947 1464 978 1487 et
1005 1465 1168 1496 argentea,
1191 1456 1250 1488 sed
1276 1466 1307 1487 et

172 1525 278 1567 lignea
305 1532 337 1555 et
362 1521 500 1553 fictilia:
535 1528 567 1551 et
592 1518 754 1564 quaedam
781 1517 916 1561 quidem
942 1517 975 1549 in
998 1517 1181 1555 honorem,
1208 1530 1309 1562 quae-

171 1588 246 1619 dam
281 1593 392 1617 autem
427 1583 460 1614 in
492 1580 744 1614 contumeliam.
799 1579 836 1613 Si
869 1579 942 1624 quis
974 1592 1052 1620 ergo
1079 1568 1310 1611 emundaverit

170 1661 204 1682 se
229 1649 270 1680 ab
295 1646 383 1684 istis,
421 1645 485 1677 erit
522 1657 575 1676 vas
607 1643 640 1675 in
672 1643 837 1675 honorem
871 1641 1132 1680 sanctificatum,
1169 1650 1201 1673 et
1226 1640 1307 1672 utile

169 1709 324 1743 Domino
350 1708 391 1741 ad
415 1719 515 1739 omne
542 1719 627 1750 opus
652 1706 780 1737 bonum
812 1714 1030 1748 paratunl.«“
1084 1703 1121 1735 ld
1153 1702 1196 1735 ita
1222 1702 1309 1735 acci·

171 1772 233 1817 pit,
259 1769 352 1816 quasi
375 1769 457 1802 solis
483 1767 665 1800 voluntatis
690 1776 824 1800 nostrae
850 1766 995 1805 viribus,
1022 1764 1114 1797 omni
1139 1763 1308 1797 destitutis

172 1833 318 1873 auxilio,
356 1840 573 1876 peccatorum
591 1829 722 1862 'sordes
754 1828 962 1873 poenitentia
993 1826 1104 1858 eluere
1129 1825 1306 1870 possimus.

172 1896 278 1940 Quod
301 1893 518 1936 Pelagianum
542 1904 678 1936 prorsus
703 1899 761 1923 est.

259 1957 351 1989 XVI.
401 1957 571 1989 Adversus
590 1967 626 1986 ea
641 1952 881 1985 excandescunt
899 1948 1203 1991 magdeburgenses
1219 1948 1306 1983 Ceu-

169 2028 234 2054 tur.
262 2019 320 2051 111.
345 2030 416 2062 cap.
443 2017 507 2056 10.,
533 2013 740 2049 excandescit
764 2023 798 2045 et
828 2011 971 2057 iprensis
1003 2011 1152 2055 praesul,
1191 2010 1225 2043 in
1250 2024 1304 2043 ea-

170 2093 235 2124 que
259 2080 378 2112 itidem
403 2089 440 2112 ut
464 2079 498 2112 in
515 2077 699 2122 superiora,
722 2076 845 2121 stylum
859 2086 955 2107 suum
971 2071 1136 2105 distrinxit
1160 2073 1259 2105 Tom.
1277 2072 1302 2105 I.

169 2142 244 2174 libr.
270 2140 301 2175 6.
327 2154 397 2185 cap.
426 2142 495 2180 15„
528 2137 836 2182 demonstravitque
868 2135 1066 2180 opinionem
1097 2134 1192 2167 istam
1224 2133 1303 2167 Ori-

211 2264 216 2269 '
266 2270 297 2313 ι)
325 2268 393 2301 cfr.
421 2269 519 2303 Rom.
545 2267 637 2305 vlu,
661 2265 713 2299 32.
