1403 2492
535 83 722 115 Excunsus
1129 79 1196 114 345

62 183 146 210 rum,
172 172 228 216 qui
253 185 387 217 semper
411 185 428 205 a
453 172 567 204 Verbo
592 170 660 203 Dei
685 178 844 202 curantur
874 170 915 201 ab
948 169 1042 201 omni
1073 170 1195 201 morbo

60 242 94 264 et
119 232 342 266 infirmitate-‚u
381 233 470 266 Hinc
487 232 601 265 Lazari
615 230 898 264 resurrectionem
918 231 1017 263 Tom.
1036 230 1196 263 XXVIII.

59 294 93 326 in
131 295 252 327 Jonnn.
286 308 378 328 num.
403 294 436 329 6.
470 303 645 339 comparat
676 307 752 326 cum
787 306 904 325 eorum
937 291 1196 331 resurrectione,

60 369 143 400 quos
166 356 264 389 Jesus
288 370 306 389 a
331 366 441 389 morte
465 356 597 401 peccati
621 357 663 388 ad
696 354 798 387 vitam
822 364 968 387 revocat.
1020 354 1109 387 »Sed
1135 367 1197 386 no-

57 427 166 450 temus
193 431 327 451 necesse
360 428 453 458 est,«
481 418 609 463 inquit,
644 418 798 462 »aliquos
829 416 1021 448 etiamnunc
1053 417 1196 449 Lazaros

59 491 148 519 esse,
182 480 240 524 qui
272 490 350 524 post
382 490 589 513 contractam
623 493 699 512 cum
722 480 803 512 Jesu
828 477 1010 510 amicitiam
1036 477 1196 510 infirmati

56 550 144 581 sunt,
169 551 202 573 et
225 542 373 586 periere:
400 544 458 587 qui
483 546 584 575 etiam
609 542 642 574 in
668 550 902 580 monumento,
928 549 959 571 et
983 539 1015 572 in
1041 549 1197 572 mortuo-

56 616 131 635 rum
157 603 236 636 loco
263 614 457 637 manserunt
482 618 558 637 cum
583 603 726 636 mortuis
751 602 896 641 mortui,
923 612 953 634 et
980 611 1096 646 postea
1123 614 1197 634 ora-

58 664 150 697 tione
175 667 267 705 Jesu,
293 666 350 710 qui
375 666 455 699 illos
480 680 497 699 e
523 674 746 698 monumento
772 665 812 697 ad
839 664 1079 709 prodeundum
1103 664 1196 697 foras

58 739 141 759 voce
165 741 223 760 sua
247 741 365 771 magna
390 728 534 768 vocavit,
561 727 740 760 vivificati:
772 726 826 758 cui
851 726 908 770 qui
933 735 1039 770 paret,
1065 726 1196 768 egredi-

57 797 123 828 tur,
149 789 291 822 vinculis
315 790 577 823 mortificatione
604 789 710 831 dignis
744 789 788 820 ob
819 789 932 833 priora
963 797 1101 832 peccata
1132 787 1196 820 cir—

58 851 244 891 cumdatus,
269 860 302 883 et
326 852 447 884 faciem
474 852 665 884 etiamnunc
692 852 886 884 obvinctam
913 851 1054 889 habens,
1084 862 1195 894 neqlre

56 911 183 952 videns,
207 925 316 957 neque
341 914 514 946 ambulare
539 914 664 953 valens,
687 926 798 958 neque
818 912 946 957 aliquid
962 912 1095 956 operari
1117 926 1197 956 pro-

56 982 133 1018 pter
156 975 427 1008 mortificationis
455 976 597 1015 vincula,
623 976 731 1008 donec
755 974 853 1007 Jesus
877 973 1010 1019 jusserit
1034 973 1198 1006 solventi-

55 1035 118 1068 bus
143 1049 241 1075 eum,
276 1049 380 1080 penes
412 1049 498 1080 quos
531 1037 632 1069 etiam
666 1037 808 1069 facultas
838 1045 924 1069 esset
954 1035 1086 1068 sinendi
1117 1049 1195 1068 eum

56 1098 180 1130 abire«
229 1097 396 1132 Similiter
427 1098 484 1132 lib.
511 1099 555 1131 II.
592 1107 709 1131 contra
734 1098 822 1132 Cels.
854 1111 946 1130 num.
971 1097 1025 1131 48.
1076 1097 1196 1140 »Quo-

56 1159 140 1192 tidie
166 1159 255 1192 enim
279 1160 446 1204 patefiunt
468 1160 559 1193 oculi
584 1173 723 1201 eorum,
747 1160 805 1205 qui
829 1168 942 1192 mente
968 1158 1058 1191 caeci
1083 1168 1195 1192 erant:

56 1235 152 1254 aures
177 1235 314 1262 eorum,
356 1221 415 1266 qui
438 1222 480 1254 ad
505 1236 624 1255 vocem
655 1222 766 1264 illius,
806 1221 862 1266 qui
887 1234 945 1253 eos
969 1221 1011 1253 ad
1037 1221 1195 1253 virtutem

57 1284 266 1324 hortabatur,
292 1293 386 1317 erant
409 1284 520 1326 surdi,
553 1285 650 1318 avide
677 1284 818 1317 audiunt
840 1296 925 1328 quae
950 1283 992 1315 (Ie
1016 1283 1094 1314 Deo
1118 1284 1198 1315 bea-

58 1355 158 1390 taque
184 1346 250 1379 vita
275 1347 366 1391 apud
386 1346 486 1379 illum
503 1347 645 1380 fruenda
666 1346 838 1379 dicuntur:
865 1344 976 1384 multi,
1002 1344 1058 1388 qui
1085 1344 1196 1377 claudi

58 1417 153 1439 erant
184 1409 296 1452 quoad
323 1408 516 1449 hominem,
551 1418 590 1441 ut
621 1408 798 1453 Scriptura
829 1416 946 1447 vocat,
988 1406 1198 1446 interiorem,

58 1481 147 1502 nunc
171 1470 326 1502 doctrina
349 1471 455 1503 sanati
480 1484 548 1503 non
579 1470 781 1515 simpliciter
804 1470 945 1507 saliunt,
982 1469 1041 1500 sed
1074 1468 1198 1501 saliunt

57 1540 96 1564 ut
119 1544 237 1564 cervus
261 1531 422 1565 infestum
446 1532 658 1577 serpentibus
687 1531 829 1570 animal,
861 1540 894 1563 et
926 1529 978 1562 cui
1005 1529 1197 1574 viperarum

58 1594 149 1626 virus
181 1607 282 1626 omne
313 1607 438 1627 nocere
475 1607 544 1627 non
577 1603 720 1639 potest.«
779 1593 849 1626 Sed
887 1591 1042 1636 inprimis
1081 1593 1197 1625 obser-

59 1657 164 1688 vanda
190 1669 274 1701 quae
306 1655 465 1697 leguntur
489 1656 589 1689 Tom.
614 1656 659 1689 X.
692 1657 726 1688 in
758 1656 882 1687 Joann.
914 1667 1005 1686 num.
1032 1653 1105 1694 16„
1138 1655 1196 1687 ubi

57 1718 190 1763 quaerit
221 1717 405 1760 Origenes,
444 1719 621 1762 quomodo
653 1716 873 1750 nummularii
898 1715 1059 1758 flagellari
1102 1729 1139 1748 se
1179 1730 1198 1750 a

59 1780 193 1814 Christo
230 1789 263 1812 et
302 1792 433 1812 mensas
464 1793 538 1813 suas
576 1778 727 1812 subverti
762 1779 906 1810 moleste
937 1790 1007 1809 non
1044 1777 1197 1812 tulerint.

58 1843 167 1888 Hujus
198 1842 248 1875 rei
279 1854 348 1874 non
379 1841 445 1874 alia
476 1841 507 1875 ei
539 1841 675 1874 videtur
705 1841 820 1874 afferri
854 1852 953 1885 posse
986 1852 1101 1881 causa,
1134 1840 1199 1873 nisi

62 1905 130 1937 »vis
156 1904 319 1949 quaedam
343 1903 426 1937 Jesu
452 1903 619 1944 divinior,
645 1904 703 1948 qui
727 1912 879 1948 poterat,
905 1915 982 1935 cum
1007 1902 1123 1942 vellet,
1148 1902 1199 1934 in-

57 1967 267 1999 flammatum
290 1965 509 1998 inimicorum
533 1966 683 1998 animum
709 1964 930 2007 exstinguere,
956 1973 989 1996 et
1013 1964 1120 1997 multa
1136 1965 1199 1997 ho-

61 2028 192 2061 minum
217 2027 325 2060 millia
349 2040 508 2072 superare
541 2027 654 2060 divina
685 2027 807 2069 gratia,
844 2035 877 2058 et
902 2025 1123 2068 cogitationes
1147 2035 1200 2060 tu-

60 2090 302 2122 multuantium
328 2089 504 2133 dissipare:
518 2105 534 2120 «
566 2089 778 2122 »meminus
796 2090 825 2134 Ι)
852 2088 941 2120 enim
961 2088 1101 2133 dissipat
1117 2101 1201 2121 eon-

62 2152 136 2184 silia
159 2152 370 2194 gentium‚««
404 2160 469 2185 etc.
515 2152 612 2184 Hanc
641 2151 816 2184 historiam
847 2150 1010 2192 Origenes
1041 2150 1127 2184 nulli
1161 2164 1199 2183 ex

160 2269 190 2311 ¹)
216 2269 285 2303 cfr.
310 2269 432 2302 Psalm.
458 2268 622 2308 xxxin,
648 2269 698 2303 10.
725 2269 907 2313 (Xxxll.)
