1403 2492
334 95 647 128 Omossxmnomm
672 92 782 124 Lmen
798 92 841 124 ΙΙ.
1111 89 1156 125 89

27 198 91 229 que
115 184 322 217 sanctiorum
351 184 410 216 illa
439 181 706 216 patriarcharum
740 180 967 220 enumeratio,
997 193 1082 225 quae
1107 191 1156 215 est

27 246 99 278 libr.
124 247 164 278 V.
199 245 231 278 in
264 245 359 289 epist.
395 245 436 277 ad
467 245 568 276 Rom.
600 256 691 275 num.
718 242 767 282 1.,
808 255 954 286 quorum
986 242 1156 275 neminem

28 317 167 352 peccato
192 307 378 339 immunem
402 305 520 338 vixisse
546 306 685 350 [πολιαῖς
710 303 782 348 (cui
807 303 1054 336 enumerationi
1077 317 1157 337 con—

27 369 162 401 trariam
193 382 211 400 a
241 367 377 409 Pelagio
410 366 614 406 institutam,
651 378 770 398 eorum
794 365 943 405 scilicet,
982 366 1157 411 »quinon

28 430 134 462 modo
158 442 227 461 non
252 441 423 473 peccasse,
460 428 520 460 sed
550 427 650 460 etiam
673 426 759 472 juste
784 426 901 459 vixisse
926 428 1128 468 referuntur,
1138 444 1156 459 α

29 491 162 523 exhibet
187 483 389 532 Augustinus
414 490 448 522 in
479 490 554 522 libr.
580 490 622 522 de
645 497 763 521 natura
787 497 821 520 et
843 488 962 530 gratia,
995 503 1067 534 cap.
1091 488 1158 530 35.,

30 553 70 584 de
97 565 163 597 qua
188 552 317 584 consuli
349 552 450 584 velim
474 550 604 592 Pelagii
634 551 739 595 ipsius
765 550 942 595 epistolam
966 552 1008 584 ad
1032 551 1158 584 Deme-

29 613 188 654 triadem,
218 622 252 645 et
281 613 481 660 Hieronymi
511 612 637 645 librum
662 613 689 646 I.
720 613 793 646 adv.
827 611 1033 657 pelagian.);
1056 612 1159 645 vitam

28 675 115 707 enim
139 676 180 707 ab
203 674 396 707 hominibus
420 673 581 718 perfectis
605 683 714 706 actam
730 673 899 717 intelligit,
923 684 1102 720 antequam
1117 674 1160 707 ad

27 748 190 768 summam
213 736 462 780 perfectionem
487 736 695 780 erepsissent.
737 737 777 769 Id
792 736 969 769 confirmat
991 737 1077 769 alter
1100 736 1159 768 ille

30 797 124 830 locus
148 786 166 830 e
191 797 291 830 Tom.
307 798 458 831 XXXII.
482 797 517 830 in
533 797 654 831 Joann.
679 811 770 831 num.
790 798 841 833 12.
886 798 1158 844 Έμξιινηντοῑ)

28 858 110 904 γὰρ,
139 855 260 905 οἶμαι,
296 856 484 905 ἅνθρωποι
513 857 630 904 ὄντες,
666 858 717 894 ὅτι
744 858 874 906 τρεπτή
899 862 996 895 ἐστιν
1020 859 1039 904 ἡ
1065 873 1160 907 προ-

29 925 164 966 αίρεσις
201 923 274 955 τῶν
311 922 358 955 ἔτι
399 919 701 966 προκοπτόντων,
741 924 802 956 καὶ
842 923 1084 968 ἕπιδεχομένη
1118 921 1160 957 τὰ

29 983 175 1017 ἐναντία
198 977 321 1018 {it—‘stru
346 979 396 1021 οἷς
428 982 606 1029 πρότερον
629 987 817 1027 προέθετο.
863 984 1067 1017 Mutahilem
1092 997 1163 1018 esse

29 1045 74 1078 ait
91 1058 208 1078 eorum
222 1045 443 1084 voluntatem,
468 1045 525 1090 qui
539 1045 734 1089 proficiunt,
758 1058 827 1078 non
842 1045 898 1090 qui
911 1046 1057 1091 perfecti
1075 1056 1161 1080 snnt.

118 1109 163 1140 At
187 1107 241 1140 vix
256 1107 364 1139 ullam
381 1107 529 1139 admittit
550 1107 809 1148 excusationem,
834 1109 928 1152 quod
951 1109 993 1141 ab
1017 1122 1058 1141 eo
1084 1108 1165 1141 scri-

30 1178 126 1213 ptum
152 1178 201 1202 est
224 1169 323 1201 Tom.
349 1169 424 1201 XII.
450 1168 485 1200 in
509 1169 633 1203 Matth.
658 1182 750 1200 num.
775 1168 842 1208 23„
866 1169 926 1201 ubi
948 1170 1014 1202 hoc
1040 1170 1164 1203 Christi

31 1231 73 1262 ad
104 1231 243 1263 Petrum
276 1242 464 1274 exponens:
508 1230 785 1274 »Scandalum²)
824 1230 907 1263 mihi
946 1244 1025 1264 esu<
1064 1245 1164 1276 quae-

31 1294 75 1324 rit
117 1292 292 1336 quomodo
332 1301 418 1324 stare
464 1291 552 1323 illud
593 1291 701 1335 possit
741 1305 816 1324 cum
853 1292 916 1325 isto
956 1294 1164 1338 prophetae:

36 1354 176 1398 »Pax³³)
213 1354 319 1386 multa
362 1353 576 1394 diligentibus
610 1366 736 1385 nomen
759 1353 845 1393 Dei,
871 1363 904 1386 et
926 1367 996 1387 non
1021 1365 1070 1388 est
1096 1356 1164 1388 illis

31 1415 269 1448 scandalum:«
304 1424 337 1447 et
365 1414 429 1447 isto
463 1414 635 1458 Apostoli:
672 1413 826 1447 »Caritas
839 1415 872 1459 ⁴)
909 1428 1082 1461 nunquam
1108 1431 1164 1450 ex-

33 1477 162 1510 cidin«
187 1476 439 1521 respondetque
462 1488 531 1508 non
551 1476 767 1509 Servatorem
792 1477 910 1517 modo,
935 1478 994 1510 sed
1020 1488 1053 1511 et
1077 1492 1164 1521 eum,

33 1539 91 1583 qui
113 1538 148 1571 in
173 1539 309 1571 caritate
332 1538 580 1584 perfectionem
603 1538 743 1582 adeptus
769 1548 835 1578 est,
867 1540 1025 1572 scandalo
1057 1542 1165 1574 obno-

31 1599 124 1632 xium
149 1613 219 1632 non
243 1612 331 1642 esse3
360 1601 421 1633 sed
453 1613 531 1632 eum
554 1609 684 1640 tamen,
709 1599 768 1644 qui
790 1610 919 1645 peccat,
944 1612 1106 1646 quantum
1130 1604 1166 1637 in

34 1675 69 1694 se
93 1671 152 1702 est,
176 1661 369 1695 scandalum
394 1661 473 1694 huic
496 1662 667 1705 praebere.
714 1662 926 1695 Damnosum
956 1677 1037 1697 vero
1070 1666 1166 1710 peni—

35 1734 87 1757 tus
110 1723 210 1763 istud,
235 1724 328 1768 quod
352 1723 494 1755 habetur
518 1724 640 1755 eodem
661 1723 785 1764 Tomo,
811 1738 901 1757 num.
921 1725 952 1759 4.
990 1724 1027 1761 Ὁ
1040 1727 1073 1771 ⁵)
1100 1722 1167 1762 οὖν

37 1784 296 1831 ἀναμάρτητος,
323 1787 383 1818 καὶ
405 1787 531 1830 μηκέτι
557 1783 730 1829 δεόμενος
747 1788 818 1820 τῶν
836 1789 997 1830 νομικῶν
1013 1791 1166 1833 θυσιῶν,

39 1845 252 1892 ὑπερβέβηκε
283 1849 483 1884 τελειωθεὶς
514 1845 605 1891 τάχα
637 1848 698 1880 καὶ
729 1847 792 1881 τὸν
824 1850 1073 1891 πνευματικὸν
1095 1849 1167 1886 νό-

37 1922 129 1953 μον,
159 1912 220 1943 καὶ
251 1913 404 1954 γέγονεν
434 1908 474 1942 ἐν
504 1910 552 1952 τῷ
580 1907 670 1955 ὑπὲρ
695 1908 805 1944 αὐτὸν
831 1908 944 1955 νόμῳ.
992 1912 1170 1948 Praeterea

136 2049 165 2092 ¹)
191 2047 262 2081 Cfr.
287 2047 340 2079 ed.
367 2056 468 2080 nostr.
494 2047 593 2080 Tom.
619 2048 662 2080 ΙΙ.
687 2060 759 2092 pag.
785 2048 860 2082 442.

131 2105 164 2148 ²)
192 2103 309 2136 Matth.
335 2104 428 2142 XVI,
451 2103 504 2139 23.

132 2160 165 2204 ό)
191 2159 312 2192 Psalm.
340 2159 460 2199 cxtx,
487 2159 560 2194 165.
584 2159 775 2206 (CXVIII.)

133 2214 166 2260 ⁴)
195 2217 204 2248 ι
232 2215 310 2249 cor.
335 2215 431 2255 xm,
454 2216 485 2249 ὅ.

137 2272 168 2316 ³)
197 2272 267 2304 Csr.
293 2273 344 2304 ed.
370 2282 472 2304 nostr.
499 2272 599 2306 Tom.
624 2273 685 2307 Ill.
711 2287 783 2318 pag.
812 2276 883 2311 135.
