1403 2492
184 120 253 157 350
659 119 847 153 Excunsus

187 210 290 245 etiam
315 211 499 255 perfectus,
523 210 551 243 si
574 210 610 242 in
636 210 730 243 bono
757 210 864 243 elatus
888 209 1010 250 suerit,
1036 209 1174 255 ejusque
1200 223 1334 245 causam

184 273 251 307 sibi
275 281 425 315 arroget,
457 285 521 305 nec
546 272 697 305 debitam
729 272 873 315 gloriam
900 272 932 305 ei
956 272 1098 314 referat,
1135 272 1194 318 qui
1221 274 1332 307 multo

182 336 262 382 plus
287 337 329 370 ad
354 336 442 369 illud
467 334 712 380 acquirendum
740 345 772 368 et
788 335 1005 368 retinendum
1019 335 1199 370 contulit.«
1237 336 1334 370 Hanc

183 399 350 432 humanae
381 407 522 432 naturae
558 397 833 431 imbecillitatem
868 397 916 430 sic
955 397 1127 431 interdum
1158 398 1334 444 praedicat

184 461 369 504 Origenes,
401 470 440 494 ut
469 460 594 494 sentire
624 461 714 493 visus'
747 460 790 493 sit
814 459 961 500 Huetio‚
990 459 1184 506 praeceptis
1209 460 1332 494 divinis

181 536 318 557 morem
350 523 423 567 geri
453 537 522 556 non
553 536 664 568 posse.
721 522 821 567 Quae
853 523 996 568 quidem
1028 521 1198 556 accusatio
1230 536 1332 568 quam

181 587 326 620 absurda
350 587 404 628 sit,
429 586 619 620 existimare
645 585 724 619 licet
739 585 802 623 ‚vel
829 598 867 618 ex
892 586 959 619 hoc
977 585 1135 629 Origenis
1158 585 1332 630 praeclare

182 649 289 690 dicto,
315 662 383 695 quo
411 648 557 682 Huetius
580 649 621 681 ad
636 661 709 681 eam
726 647 928 681 firmandam
943 647 1061 682 utitur.
1101 648 1192 682 „Nos
1216 660 1331 688 verm«

182 712 294 757 inquit
328 712 390 745 lib.
423 712 466 746 Il.
505 711 539 744 in
571 711 668 756 epist.
701 711 743 743 ad
774 711 919 744 Roman.
953 723 1046 744 num.
1072 709 1125 750 6.,
1162 709 1219 755 qui
1250 709 1332 743 haec

183 773 296 807 omnia
320 773 545 819 spiritualiter
569 773 791 816 intelligenda
817 786 886 806 esse
911 773 1084 813 sentimus,
1109 772 1238 805 idcirco
1262 785 1332 805 non

181 835 377 876 auditores,
410 836 470 869 sed
501 836 649 868 factores
682 834 764 877 legis
792 834 1025 881 justificandos
1051 834 1237 876 credimus,
1262 847 1333 868 non

181 898 265 941 legis
290 899 478 931 secundum
504 898 654 938 literam,
687 910 771 942 quae
805 897 924 942 utiquc
946 911 1011 943 pro
1036 897 1087 930 sui
1113 896 1334 942 impossibili-

180 970 248 994 tate
272 973 342 993 non
368 969 485 1006 potest
509 960 633 992 habere
658 960 823 992 factorem
838 985 846 999 ,
868 960 927 992 sed
952 960 1138 994 secundum
1163 957 1332 1004 spiritum,

180 1037 243 1069 per
267 1036 370 1068 quem
401 1023 515 1056 solum
547 1022 600 1054 lex
630 1021 770 1066 impleri
800 1022 939 1066 poterit.
995 1022 1083 1056 Vide
1109 1035 1209 1067 supra
1233 1020 1331 1067 liujus

179 1094 314 1119 nostrae
341 1084 590 1118 observationis
615 1096 708 1116 num.
735 1084 791 1115 lV.

830 2350 927 2386 Ὑγρὴ
952 2350 1089 2377 fratrum
1113 2350 1134 2376 1¹
1150 2356 1258 2388 uger-
