<?xml version="1.0" encoding="UTF-8"?>
<!DOCTYPE html PUBLIC "-//W3C//DTD XHTML 1.0 Transitional//EN"
    "http://www.w3.org/TR/xhtml1/DTD/xhtml1-transitional.dtd">
<html xmlns="http://www.w3.org/1999/xhtml" xml:lang="en" lang="en">
 <head>
  <title>
</title>
<meta http-equiv="Content-Type" content="text/html;charset=utf-8" />
  <meta name='ocr-system' content='tesseract 3.04.00' />
  <meta name='ocr-capabilities' content='ocr_page ocr_carea ocr_par ocr_line ocrx_word'/>
</head>
<body>
  <div class='ocr_page' id='page_1' title='image "./operaomniaquaegr23orig/operaomniaquaegr23orig_0367.png"; bbox 0 0 1403 2492; ppageno 0'>
   <div class='ocr_carea' id='block_1_1' title="bbox 549 102 1232 138">
    <p class='ocr_par' dir='ltr' id='par_1_1' title="bbox 549 102 1232 138">
     <span class='ocr_line' id='line_1_1' title="bbox 549 102 1232 138; baseline 0.006 -4"><span class='ocrx_word' id='word_1_1' title='bbox 549 102 738 135; x_wconf 67' lang='lat' dir='ltr'>Excuasus</span> <span class='ocrx_word' id='word_1_2' title='bbox 1164 102 1232 138; x_wconf 84' lang='lat'>349</span> 
     </span>
    </p>
   </div>
   <div class='ocr_carea' id='block_1_2' title="bbox 61 190 1236 2284">
    <p class='ocr_par' dir='ltr' id='par_1_2' title="bbox 71 190 1236 1787">
     <span class='ocr_line' id='line_1_2' title="bbox 76 190 1236 233; baseline -0.002 -5"><span class='ocrx_word' id='word_1_3' title='bbox 76 197 111 228; x_wconf 87' lang='lat' dir='ltr'>in</span> <span class='ocrx_word' id='word_1_4' title='bbox 134 195 253 229; x_wconf 75' lang='lat' dir='ltr'>Matth.</span> <span class='ocrx_word' id='word_1_5' title='bbox 290 206 383 226; x_wconf 88' lang='lat' dir='ltr'>num.</span> <span class='ocrx_word' id='word_1_6' title='bbox 407 193 464 227; x_wconf 81' lang='grc'>23.</span> <span class='ocrx_word' id='word_1_7' title='bbox 514 191 708 225; x_wconf 82' lang='lat' dir='ltr'>»Scandalo</span> <span class='ocrx_word' id='word_1_8' title='bbox 735 190 923 223; x_wconf 82' lang='lat' dir='ltr'>obnoxium</span> <span class='ocrx_word' id='word_1_9' title='bbox 953 204 1023 224; x_wconf 88' lang='lat' dir='ltr'>non</span> <span class='ocrx_word' id='word_1_10' title='bbox 1050 204 1120 225; x_wconf 82' lang='lat' dir='ltr'>esse</span> <span class='ocrx_word' id='word_1_11' title='bbox 1145 205 1236 233; x_wconf 85' lang='lat' dir='ltr'>eum,</span> 
     </span>
     <span class='ocr_line' id='line_1_3' title="bbox 76 254 1231 303; baseline -0.003 -12"><span class='ocrx_word' id='word_1_12' title='bbox 76 257 134 303; x_wconf 88' lang='lat' dir='ltr'>qui</span> <span class='ocrx_word' id='word_1_13' title='bbox 158 259 191 290; x_wconf 88' lang='lat' dir='ltr'>in</span> <span class='ocrx_word' id='word_1_14' title='bbox 222 255 361 289; x_wconf 81' lang='lat' dir='ltr'>caritate</span> <span class='ocrx_word' id='word_1_15' title='bbox 385 254 635 300; x_wconf 81' lang='lat' dir='ltr'><strong>perfectionem</strong></span> <span class='ocrx_word' id='word_1_16' title='bbox 662 254 806 298; x_wconf 86' lang='lat' dir='ltr'>adeptus</span> <span class='ocrx_word' id='word_1_17' title='bbox 831 263 926 286; x_wconf 68' lang='lat' dir='ltr'>estu&lt;</span> <span class='ocrx_word' id='word_1_18' title='bbox 962 263 995 286; x_wconf 89' lang='lat' dir='ltr'>et</span> <span class='ocrx_word' id='word_1_19' title='bbox 1029 254 1129 288; x_wconf 88' lang='lat' dir='ltr'>Tom.</span> <span class='ocrx_word' id='word_1_20' title='bbox 1155 254 1231 289; x_wconf 80' lang='lat' dir='ltr'>XV.</span> 
     </span>
     <span class='ocr_line' id='line_1_4' title="bbox 78 315 1224 362; baseline -0.002 -10"><span class='ocrx_word' id='word_1_21' title='bbox 78 332 168 352; x_wconf 88' lang='lat' dir='ltr'>num.</span> <span class='ocrx_word' id='word_1_22' title='bbox 194 318 237 358; x_wconf 88' lang='grc'>6.,</span> <span class='ocrx_word' id='word_1_23' title='bbox 261 330 387 362; x_wconf 87' lang='lat' dir='ltr'>pueros</span> <span class='ocrx_word' id='word_1_24' title='bbox 414 329 455 349; x_wconf 89' lang='lat' dir='ltr'>eo</span> <span class='ocrx_word' id='word_1_25' title='bbox 481 316 626 349; x_wconf 85' lang='lat' dir='ltr'>consilio</span> <span class='ocrx_word' id='word_1_26' title='bbox 654 317 789 349; x_wconf 85' lang='lat' dir='ltr'>oblatos</span> <span class='ocrx_word' id='word_1_27' title='bbox 811 316 893 349; x_wconf 82' lang='lat' dir='ltr'>Jesu</span> <span class='ocrx_word' id='word_1_28' title='bbox 911 315 1025 358; x_wconf 55' lang='lat' dir='ltr'>fuisse,</span> <span class='ocrx_word' id='word_1_29' title='bbox 1053 326 1122 356; x_wconf 86' lang='lat' dir='ltr'>»ut‚</span> <span class='ocrx_word' id='word_1_30' title='bbox 1147 330 1224 350; x_wconf 85' lang='lat' dir='ltr'>cum</span> 
     </span>
     <span class='ocr_line' id='line_1_5' title="bbox 76 377 1230 422; baseline -0.001 -9"><span class='ocrx_word' id='word_1_31' title='bbox 76 394 134 414; x_wconf 86' lang='lat' dir='ltr'>cos</span> <span class='ocrx_word' id='word_1_32' title='bbox 157 380 350 422; x_wconf 72' lang='lat' dir='ltr'>tetigisset,v</span> <span class='ocrx_word' id='word_1_33' title='bbox 369 389 401 412; x_wconf 87' lang='lat' dir='ltr'>et</span> <span class='ocrx_word' id='word_1_34' title='bbox 424 392 518 412; x_wconf 86' lang='lat' dir='ltr'>suam</span> <span class='ocrx_word' id='word_1_35' title='bbox 544 379 706 411; x_wconf 79' lang='lat' dir='ltr'>virtutem</span> <span class='ocrx_word' id='word_1_36' title='bbox 731 378 767 411; x_wconf 88' lang='lat' dir='ltr'>in</span> <span class='ocrx_word' id='word_1_37' title='bbox 791 391 849 411; x_wconf 90' lang='lat' dir='ltr'>eos</span> <span class='ocrx_word' id='word_1_38' title='bbox 873 378 1042 420; x_wconf 84' lang='lat' dir='ltr'>tangendo</span> <span class='ocrx_word' id='word_1_39' title='bbox 1069 377 1230 412; x_wconf 87' lang='lat' dir='ltr'>immisis-</span> 
     </span>
     <span class='ocr_line' id='line_1_6' title="bbox 74 440 1229 486; baseline -0.003 -10"><span class='ocrx_word' id='word_1_40' title='bbox 74 453 126 477; x_wconf 84' lang='lat' dir='ltr'>set</span> <span class='ocrx_word' id='word_1_41' title='bbox 148 444 259 482; x_wconf 80' lang='lat' dir='ltr'>Jesus,</span> <span class='ocrx_word' id='word_1_42' title='bbox 282 442 397 475; x_wconf 90' lang='lat' dir='ltr'>nullus</span> <span class='ocrx_word' id='word_1_43' title='bbox 422 454 480 474; x_wconf 90' lang='lat' dir='ltr'>eos</span> <span class='ocrx_word' id='word_1_44' title='bbox 505 454 609 482; x_wconf 84' lang='lat' dir='ltr'>casus,</span> <span class='ocrx_word' id='word_1_45' title='bbox 635 441 770 474; x_wconf 90' lang='lat' dir='ltr'>nullum</span> <span class='ocrx_word' id='word_1_46' title='bbox 796 441 1029 482; x_wconf 82' lang='lat' dir='ltr'>daemonium,</span> <span class='ocrx_word' id='word_1_47' title='bbox 1054 450 1111 473; x_wconf 83' lang='lat' dir='ltr'>aut</span> <span class='ocrx_word' id='word_1_48' title='bbox 1128 440 1229 486; x_wconf 89' lang='lat' dir='ltr'>quid-</span> 
     </span>
     <span class='ocr_line' id='line_1_7' title="bbox 74 502 1228 551; baseline -0.003 -13"><span class='ocrx_word' id='word_1_49' title='bbox 74 506 165 551; x_wconf 84' lang='lat' dir='ltr'>piam</span> <span class='ocrx_word' id='word_1_50' title='bbox 191 505 283 538; x_wconf 83' lang='lat' dir='ltr'>aliud</span> <span class='ocrx_word' id='word_1_51' title='bbox 307 513 429 549; x_wconf 86' lang='lat' dir='ltr'>posset</span> <span class='ocrx_word' id='word_1_52' title='bbox 453 502 653 545; x_wconf 79' lang='lat' dir='ltr'>attingere.«</span> <span class='ocrx_word' id='word_1_53' title='bbox 704 504 796 536; x_wconf 89' lang='lat' dir='ltr'>Tum</span> <span class='ocrx_word' id='word_1_54' title='bbox 821 503 871 536; x_wconf 87' lang='lat' dir='ltr'>his</span> <span class='ocrx_word' id='word_1_55' title='bbox 895 502 929 535; x_wconf 88' lang='lat' dir='ltr'>in</span> <span class='ocrx_word' id='word_1_56' title='bbox 954 502 1057 545; x_wconf 82' lang='lat' dir='ltr'>locis,</span> <span class='ocrx_word' id='word_1_57' title='bbox 1094 513 1168 536; x_wconf 85' lang='lat' dir='ltr'>tum</span> <span class='ocrx_word' id='word_1_58' title='bbox 1191 502 1228 535; x_wconf 88' lang='lat' dir='ltr'>in</span> 
     </span>
     <span class='ocr_line' id='line_1_8' title="bbox 74 566 1228 606; baseline -0.003 -5"><span class='ocrx_word' id='word_1_59' title='bbox 74 568 142 601; x_wconf 75' lang='lat' dir='ltr'>alio</span> <span class='ocrx_word' id='word_1_60' title='bbox 168 581 206 600; x_wconf 86' lang='lat' dir='ltr'>ex</span> <span class='ocrx_word' id='word_1_61' title='bbox 232 567 356 600; x_wconf 85' lang='lat' dir='ltr'>eodem</span> <span class='ocrx_word' id='word_1_62' title='bbox 383 566 664 606; x_wconf 78' lang='lat' dir='ltr'>Commentario,</span> <span class='ocrx_word' id='word_1_63' title='bbox 688 566 748 599; x_wconf 88' lang='lat' dir='ltr'>ubi</span> <span class='ocrx_word' id='word_1_64' title='bbox 771 566 957 604; x_wconf 73' lang='grc' dir='ltr'><em>ἀπαθείας</em></span> <span class='ocrx_word' id='word_1_65' title='bbox 979 578 1107 598; x_wconf 90' lang='lat' dir='ltr'>nomen</span> <span class='ocrx_word' id='word_1_66' title='bbox 1130 578 1228 598; x_wconf 87' lang='lat' dir='ltr'>usur-</span> 
     </span>
     <span class='ocr_line' id='line_1_9' title="bbox 74 627 1226 676; baseline -0.003 -13"><span class='ocrx_word' id='word_1_67' title='bbox 74 640 152 676; x_wconf 83' lang='lat' dir='ltr'>pat,</span> <span class='ocrx_word' id='word_1_68' title='bbox 183 630 269 663; x_wconf 81' lang='lat' dir='ltr'>nihil</span> <span class='ocrx_word' id='word_1_69' title='bbox 303 638 475 662; x_wconf 81' lang='lat' dir='ltr'>creaturae</span> <span class='ocrx_word' id='word_1_70' title='bbox 509 628 682 668; x_wconf 73' lang='lat' dir='ltr'>attribuit,</span> <span class='ocrx_word' id='word_1_71' title='bbox 715 629 809 673; x_wconf 87' lang='lat' dir='ltr'>quod</span> <span class='ocrx_word' id='word_1_72' title='bbox 841 642 912 661; x_wconf 89' lang='lat' dir='ltr'>non</span> <span class='ocrx_word' id='word_1_73' title='bbox 943 627 1183 673; x_wconf 81' lang='lat' dir='ltr'>proficiscatur</span> <span class='ocrx_word' id='word_1_74' title='bbox 1207 640 1226 659; x_wconf 86' lang='lat' dir='ltr'>a</span> 
     </span>
     <span class='ocr_line' id='line_1_10' title="bbox 76 688 1229 736; baseline -0.003 -11"><span class='ocrx_word' id='word_1_75' title='bbox 76 692 201 727; x_wconf 82' lang='lat' dir='ltr'>Christi</span> <span class='ocrx_word' id='word_1_76' title='bbox 232 692 353 735; x_wconf 82' lang='lat' dir='ltr'>gratia,</span> <span class='ocrx_word' id='word_1_77' title='bbox 387 691 473 724; x_wconf 88' lang='lat' dir='ltr'>nihil</span> <span class='ocrx_word' id='word_1_78' title='bbox 507 692 600 736; x_wconf 88' lang='lat' dir='ltr'>quod</span> <span class='ocrx_word' id='word_1_79' title='bbox 634 690 706 723; x_wconf 87' lang='lat' dir='ltr'>sine</span> <span class='ocrx_word' id='word_1_80' title='bbox 739 691 843 733; x_wconf 81' lang='lat' dir='ltr'>gratia</span> <span class='ocrx_word' id='word_1_81' title='bbox 885 689 1078 723; x_wconf 84' lang='lat' dir='ltr'>conservari</span> <span class='ocrx_word' id='word_1_82' title='bbox 1108 688 1229 734; x_wconf 82' lang='lat' dir='ltr'>possit.</span> 
     </span>
     <span class='ocr_line' id='line_1_11' title="bbox 71 752 1227 797; baseline -0.006 -6"><span class='ocrx_word' id='word_1_83' title='bbox 71 755 268 794; x_wconf 77' lang='grc' dir='ltr'>Ἀπαθείας</span> <span class='ocrx_word' id='word_1_84' title='bbox 299 754 437 787; x_wconf 88' lang='lat' dir='ltr'>nomine</span> <span class='ocrx_word' id='word_1_85' title='bbox 469 767 539 786; x_wconf 89' lang='lat' dir='ltr'>non</span> <span class='ocrx_word' id='word_1_86' title='bbox 572 753 723 797; x_wconf 79' lang='lat' dir='ltr'>ineptam</span> <span class='ocrx_word' id='word_1_87' title='bbox 754 753 851 786; x_wconf 88' lang='lat' dir='ltr'>illam</span> <span class='ocrx_word' id='word_1_88' title='bbox 884 754 925 786; x_wconf 85' lang='lat' dir='ltr'>ab</span> <span class='ocrx_word' id='word_1_89' title='bbox 960 752 1054 785; x_wconf 89' lang='lat' dir='ltr'>omni</span> <span class='ocrx_word' id='word_1_90' title='bbox 1085 752 1227 792; x_wconf 85' lang='lat' dir='ltr'>affectu,</span> 
     </span>
     <span class='ocr_line' id='line_1_12' title="bbox 76 813 1227 861; baseline -0.003 -11"><span class='ocrx_word' id='word_1_91' title='bbox 76 818 136 850; x_wconf 90' lang='lat' dir='ltr'>sed</span> <span class='ocrx_word' id='word_1_92' title='bbox 159 819 201 850; x_wconf 87' lang='lat' dir='ltr'>ab</span> <span class='ocrx_word' id='word_1_93' title='bbox 235 817 330 850; x_wconf 85' lang='lat' dir='ltr'>omni</span> <span class='ocrx_word' id='word_1_94' title='bbox 369 815 521 861; x_wconf 79' lang='lat' dir='ltr'>nequitia</span> <span class='ocrx_word' id='word_1_95' title='bbox 555 814 807 848; x_wconf 80' lang='lat' dir='ltr'>immunitatem</span> <span class='ocrx_word' id='word_1_96' title='bbox 838 814 1017 856; x_wconf 83' lang='lat' dir='ltr'>intelligit,</span> <span class='ocrx_word' id='word_1_97' title='bbox 1057 813 1227 859; x_wconf 77' lang='lat' dir='ltr'>siquidem</span> 
     </span>
     <span class='ocr_line' id='line_1_13' title="bbox 75 875 1229 923; baseline -0.003 -11"><span class='ocrx_word' id='word_1_98' title='bbox 75 879 180 923; x_wconf 81' lang='lat' dir='ltr'>paulo</span> <span class='ocrx_word' id='word_1_99' title='bbox 207 888 294 919; x_wconf 79' lang='lat' dir='ltr'>ante,</span> <span class='ocrx_word' id='word_1_100' title='bbox 324 891 449 923; x_wconf 84' lang='lat' dir='ltr'>nempe</span> <span class='ocrx_word' id='word_1_101' title='bbox 473 891 567 910; x_wconf 88' lang='lat' dir='ltr'>num.</span> <span class='ocrx_word' id='word_1_102' title='bbox 594 876 667 917; x_wconf 86' lang='grc'><strong>16.,</strong></span> <span class='ocrx_word' id='word_1_103' title='bbox 702 877 743 909; x_wconf 84' lang='lat' dir='ltr'>de</span> <span class='ocrx_word' id='word_1_104' title='bbox 775 878 900 910; x_wconf 83' lang='lat' dir='ltr'>eodem</span> <span class='ocrx_word' id='word_1_105' title='bbox 931 876 1089 921; x_wconf 87' lang='lat' dir='ltr'>perfecto</span> <span class='ocrx_word' id='word_1_106' title='bbox 1123 875 1229 908; x_wconf 83' lang='lat' dir='ltr'>disse·-</span> 
     </span>
     <span class='ocr_line' id='line_1_14' title="bbox 75 938 1229 983; baseline -0.003 -10"><span class='ocrx_word' id='word_1_107' title='bbox 75 953 169 981; x_wconf 86' lang='lat' dir='ltr'>rens,</span> <span class='ocrx_word' id='word_1_108' title='bbox 199 954 288 973; x_wconf 91' lang='lat' dir='ltr'>nunc</span> <span class='ocrx_word' id='word_1_109' title='bbox 321 954 398 973; x_wconf 88' lang='lat' dir='ltr'>eum</span> <span class='ocrx_word' id='word_1_110' title='bbox 434 950 547 973; x_wconf 81' lang='lat' dir='ltr'>»extra</span> <span class='ocrx_word' id='word_1_111' title='bbox 572 952 709 972; x_wconf 88' lang='lat' dir='ltr'>omnem</span> <span class='ocrx_word' id='word_1_112' title='bbox 736 951 806 971; x_wconf 85' lang='lat' dir='ltr'>esse</span> <span class='ocrx_word' id='word_1_113' title='bbox 835 938 1057 983; x_wconf 82' lang='lat' dir='ltr'>cupiditatem</span> <span class='ocrx_word' id='word_1_114' title='bbox 1069 953 1099 978; x_wconf 90' lang='lat'>,«</span> <span class='ocrx_word' id='word_1_115' title='bbox 1137 950 1229 970; x_wconf 87' lang='lat' dir='ltr'>nunc</span> 
     </span>
     <span class='ocr_line' id='line_1_15' title="bbox 75 999 1222 1049; baseline -0.004 -13"><span class='ocrx_word' id='word_1_116' title='bbox 75 1015 234 1036; x_wconf 88' lang='lat' dir='ltr'>»omnem</span> <span class='ocrx_word' id='word_1_117' title='bbox 261 1002 421 1049; x_wconf 67' lang='lat' dir='ltr'>abjecisse</span> <span class='ocrx_word' id='word_1_118' title='bbox 446 1001 635 1047; x_wconf 76' lang='lat' dir='ltr'>nequitiam</span> <span class='ocrx_word' id='word_1_119' title='bbox 660 1000 774 1034; x_wconf 61' lang='lat' dir='ltr'>dicim</span> <span class='ocrx_word' id='word_1_120' title='bbox 826 999 933 1043; x_wconf 86' lang='lat' dir='ltr'>Quod</span> <span class='ocrx_word' id='word_1_121' title='bbox 958 1001 985 1033; x_wconf 90' lang='lat' dir='ltr'>si</span> <span class='ocrx_word' id='word_1_122' title='bbox 1009 1000 1222 1044; x_wconf 75' lang='lat' dir='ltr'>vituperatur</span> 
     </span>
     <span class='ocr_line' id='line_1_16' title="bbox 75 1061 1228 1109; baseline -0.004 -11"><span class='ocrx_word' id='word_1_123' title='bbox 75 1066 240 1108; x_wconf 79' lang='lat' dir='ltr'>Origenes</span> <span class='ocrx_word' id='word_1_124' title='bbox 267 1066 311 1097; x_wconf 89' lang='lat' dir='ltr'>ob</span> <span class='ocrx_word' id='word_1_125' title='bbox 337 1063 506 1109; x_wconf 78' lang='lat' dir='ltr'>ejusmodi</span> <span class='ocrx_word' id='word_1_126' title='bbox 532 1063 633 1102; x_wconf 78' lang='lat' dir='ltr'>dicta,</span> <span class='ocrx_word' id='word_1_127' title='bbox 659 1062 875 1106; x_wconf 85' lang='lat' dir='ltr'>vituperandi</span> <span class='ocrx_word' id='word_1_128' title='bbox 897 1071 996 1095; x_wconf 88' lang='lat' dir='ltr'>erunt</span> <span class='ocrx_word' id='word_1_129' title='bbox 1015 1061 1122 1094; x_wconf 82' lang='lat' dir='ltr'>sancti</span> <span class='ocrx_word' id='word_1_130' title='bbox 1137 1074 1228 1093; x_wconf 85' lang='lat' dir='ltr'>mar-</span> 
     </span>
     <span class='ocr_line' id='line_1_17' title="bbox 75 1123 1228 1173; baseline -0.003 -14"><span class='ocrx_word' id='word_1_131' title='bbox 75 1137 180 1173; x_wconf 86' lang='lat' dir='ltr'>tyres,</span> <span class='ocrx_word' id='word_1_132' title='bbox 213 1127 403 1171; x_wconf 71' lang='lat' dir='ltr'>qui‘fidem</span> <span class='ocrx_word' id='word_1_133' title='bbox 428 1139 521 1158; x_wconf 86' lang='lat' dir='ltr'>suam</span> <span class='ocrx_word' id='word_1_134' title='bbox 548 1138 610 1158; x_wconf 90' lang='lat' dir='ltr'>nec</span> <span class='ocrx_word' id='word_1_135' title='bbox 635 1124 743 1164; x_wconf 87' lang='lat' dir='ltr'>vinci,</span> <span class='ocrx_word' id='word_1_136' title='bbox 774 1137 837 1156; x_wconf 91' lang='lat' dir='ltr'>nec</span> <span class='ocrx_word' id='word_1_137' title='bbox 861 1123 985 1156; x_wconf 87' lang='lat' dir='ltr'>mutari</span> <span class='ocrx_word' id='word_1_138' title='bbox 1009 1135 1130 1168; x_wconf 84' lang='lat' dir='ltr'>posse,</span> <span class='ocrx_word' id='word_1_139' title='bbox 1164 1135 1228 1155; x_wconf 88' lang='lat' dir='ltr'>nec</span> 
     </span>
     <span class='ocr_line' id='line_1_18' title="bbox 73 1184 1228 1231; baseline -0.004 -10"><span class='ocrx_word' id='word_1_140' title='bbox 73 1188 152 1221; x_wconf 87' lang='lat' dir='ltr'>ullis</span> <span class='ocrx_word' id='word_1_141' title='bbox 176 1201 210 1221; x_wconf 91' lang='lat' dir='ltr'>se</span> <span class='ocrx_word' id='word_1_142' title='bbox 235 1187 415 1220; x_wconf 83' lang='lat' dir='ltr'>tormentis</span> <span class='ocrx_word' id='word_1_143' title='bbox 439 1187 586 1231; x_wconf 87' lang='lat' dir='ltr'>separari</span> <span class='ocrx_word' id='word_1_144' title='bbox 619 1199 718 1231; x_wconf 87' lang='lat' dir='ltr'>posse</span> <span class='ocrx_word' id='word_1_145' title='bbox 751 1199 769 1218; x_wconf 87' lang='lat' dir='ltr'>a</span> <span class='ocrx_word' id='word_1_146' title='bbox 805 1185 941 1218; x_wconf 87' lang='lat' dir='ltr'>caritate</span> <span class='ocrx_word' id='word_1_147' title='bbox 975 1184 1101 1219; x_wconf 83' lang='lat' dir='ltr'>Christi</span> <span class='ocrx_word' id='word_1_148' title='bbox 1135 1185 1228 1216; x_wconf 88' lang='lat' dir='ltr'>dice-</span> 
     </span>
     <span class='ocr_line' id='line_1_19' title="bbox 75 1245 1224 1294; baseline -0.005 -10"><span class='ocrx_word' id='word_1_149' title='bbox 75 1253 165 1284; x_wconf 84' lang='lat' dir='ltr'>bant.</span> <span class='ocrx_word' id='word_1_150' title='bbox 213 1251 367 1283; x_wconf 84' lang='lat' dir='ltr'>Eandem</span> <span class='ocrx_word' id='word_1_151' title='bbox 400 1259 517 1282; x_wconf 81' lang='lat' dir='ltr'>notam</span> <span class='ocrx_word' id='word_1_152' title='bbox 550 1248 737 1281; x_wconf 81' lang='lat' dir='ltr'>merebitur</span> <span class='ocrx_word' id='word_1_153' title='bbox 771 1247 978 1294; x_wconf 77' lang='lat' dir='ltr'>Cyprianus,</span> <span class='ocrx_word' id='word_1_154' title='bbox 1015 1246 1076 1291; x_wconf 89' lang='lat' dir='ltr'>qui</span> <span class='ocrx_word' id='word_1_155' title='bbox 1110 1245 1224 1278; x_wconf 83' lang='lat' dir='ltr'>»nihil</span> 
     </span>
     <span class='ocr_line' id='line_1_20' title="bbox 74 1309 1224 1359; baseline -0.004 -13"><span class='ocrx_word' id='word_1_156' title='bbox 74 1326 174 1359; x_wconf 86' lang='lat' dir='ltr'>posse</span> <span class='ocrx_word' id='word_1_157' title='bbox 199 1325 353 1358; x_wconf 84' lang='lat' dir='ltr'>separare</span> <span class='ocrx_word' id='word_1_158' title='bbox 380 1312 577 1343; x_wconf 83' lang='lat' dir='ltr'>credentes«</span> <span class='ocrx_word' id='word_1_159' title='bbox 605 1312 707 1343; x_wconf 86' lang='lat' dir='ltr'>docet</span> <span class='ocrx_word' id='word_1_160' title='bbox 742 1310 839 1354; x_wconf 83' lang='lat' dir='ltr'>epist.</span> <span class='ocrx_word' id='word_1_161' title='bbox 864 1310 948 1351; x_wconf 75' lang='lat' dir='ltr'>XL,</span> <span class='ocrx_word' id='word_1_162' title='bbox 983 1309 1087 1342; x_wconf 70' lang='lat' dir='ltr'>„nihil</span> <span class='ocrx_word' id='word_1_163' title='bbox 1120 1321 1224 1354; x_wconf 79' lang='lat' dir='ltr'>posse</span> 
     </span>
     <span class='ocr_line' id='line_1_21' title="bbox 74 1370 1222 1418; baseline -0.007 -7"><span class='ocrx_word' id='word_1_164' title='bbox 74 1377 221 1411; x_wconf 77' lang='lat' dir='ltr'>avellere</span> <span class='ocrx_word' id='word_1_165' title='bbox 253 1373 391 1418; x_wconf 87' lang='lat' dir='ltr'>corpori</span> <span class='ocrx_word' id='word_1_166' title='bbox 424 1373 549 1406; x_wconf 84' lang='lat' dir='ltr'>Christi</span> <span class='ocrx_word' id='word_1_167' title='bbox 582 1382 614 1405; x_wconf 89' lang='lat' dir='ltr'>et</span> <span class='ocrx_word' id='word_1_168' title='bbox 656 1370 808 1414; x_wconf 85' lang='lat' dir='ltr'>sanguini</span> <span class='ocrx_word' id='word_1_169' title='bbox 844 1371 1105 1414; x_wconf 84' lang='lat' dir='ltr'>cohaerentes;«</span> <span class='ocrx_word' id='word_1_170' title='bbox 1141 1380 1175 1403; x_wconf 88' lang='lat' dir='ltr'>et</span> <span class='ocrx_word' id='word_1_171' title='bbox 1204 1384 1222 1403; x_wconf 88' lang='lat' dir='ltr'>a</span> 
     </span>
     <span class='ocr_line' id='line_1_22' title="bbox 74 1434 1220 1484; baseline -0.006 -13"><span class='ocrx_word' id='word_1_172' title='bbox 74 1437 282 1484; x_wconf 84' lang='lat' dir='ltr'>proconsule</span> <span class='ocrx_word' id='word_1_173' title='bbox 307 1435 543 1476; x_wconf 77' lang='lat' dir='ltr'>interrogatus,</span> <span class='ocrx_word' id='word_1_174' title='bbox 569 1448 610 1467; x_wconf 85' lang='lat' dir='ltr'>an</span> <span class='ocrx_word' id='word_1_175' title='bbox 635 1434 669 1466; x_wconf 86' lang='lat' dir='ltr'>in</span> <span class='ocrx_word' id='word_1_176' title='bbox 695 1435 870 1466; x_wconf 78' lang='lat' dir='ltr'>voluntate</span> <span class='ocrx_word' id='word_1_177' title='bbox 896 1441 1141 1478; x_wconf 85' lang='lat' dir='ltr'>perseveraret,</span> <span class='ocrx_word' id='word_1_178' title='bbox 1165 1445 1220 1464; x_wconf 89' lang='lat' dir='ltr'>re-</span> 
     </span>
     <span class='ocr_line' id='line_1_23' title="bbox 74 1493 1221 1546; baseline -0.007 -12"><span class='ocrx_word' id='word_1_179' title='bbox 74 1499 214 1546; x_wconf 83' lang='lat' dir='ltr'>spondit</span> <span class='ocrx_word' id='word_1_180' title='bbox 240 1499 384 1530; x_wconf 87' lang='lat' dir='ltr'>»bonam</span> <span class='ocrx_word' id='word_1_181' title='bbox 410 1497 633 1536; x_wconf 81' lang='lat' dir='ltr'>voluntatem,</span> <span class='ocrx_word' id='word_1_182' title='bbox 658 1508 743 1540; x_wconf 81' lang='lat' dir='ltr'>quae</span> <span class='ocrx_word' id='word_1_183' title='bbox 767 1495 883 1527; x_wconf 84' lang='lat' dir='ltr'>Deum</span> <span class='ocrx_word' id='word_1_184' title='bbox 906 1495 1020 1535; x_wconf 85' lang='lat' dir='ltr'>novit,</span> <span class='ocrx_word' id='word_1_185' title='bbox 1045 1493 1221 1526; x_wconf 82' lang='lat' dir='ltr'>immutari</span> 
     </span>
     <span class='ocr_line' id='line_1_24' title="bbox 74 1555 1227 1606; baseline -0.006 -11"><span class='ocrx_word' id='word_1_186' title='bbox 74 1575 144 1595; x_wconf 89' lang='lat' dir='ltr'>non</span> <span class='ocrx_word' id='word_1_187' title='bbox 168 1573 278 1606; x_wconf 86' lang='lat' dir='ltr'>posse.</span> <span class='ocrx_word' id='word_1_188' title='bbox 326 1559 383 1592; x_wconf 87' lang='lat' dir='ltr'>Sic</span> <span class='ocrx_word' id='word_1_189' title='bbox 410 1558 510 1591; x_wconf 74' lang='lat' dir='ltr'>etiam</span> <span class='ocrx_word' id='word_1_190' title='bbox 535 1559 666 1603; x_wconf 66' lang='lat' dir='ltr'>Mai-tyr</span> <span class='ocrx_word' id='word_1_191' title='bbox 693 1556 844 1599; x_wconf 81' lang='lat' dir='ltr'>Ignatius</span> <span class='ocrx_word' id='word_1_192' title='bbox 871 1556 968 1601; x_wconf 79' lang='lat' dir='ltr'>epist,</span> <span class='ocrx_word' id='word_1_193' title='bbox 993 1556 1035 1589; x_wconf 84' lang='lat' dir='ltr'>ad</span> <span class='ocrx_word' id='word_1_194' title='bbox 1058 1555 1227 1601; x_wconf 83' lang='lat' dir='ltr'>Ephesios</span> 
     </span>
     <span class='ocr_line' id='line_1_25' title="bbox 75 1616 1225 1664; baseline -0.005 -8"><span class='ocrx_word' id='word_1_195' title='bbox 75 1637 167 1657; x_wconf 88' lang='lat' dir='ltr'>num.</span> <span class='ocrx_word' id='word_1_196' title='bbox 190 1623 222 1657; x_wconf 74' lang='lat'>5:3-</span> <span class='ocrx_word' id='word_1_197' title='bbox 273 1620 452 1654; x_wconf 75' lang='lat' dir='ltr'>»Carnales</span> <span class='ocrx_word' id='word_1_198' title='bbox 478 1616 669 1664; x_wconf 81' lang='lat' dir='ltr'>spiritualia</span> <span class='ocrx_word' id='word_1_199' title='bbox 694 1631 851 1651; x_wconf 80' lang='lat' dir='ltr'>exercere</span> <span class='ocrx_word' id='word_1_200' title='bbox 885 1627 1075 1663; x_wconf 86' lang='lat' dir='ltr'>nequeunt,</span> <span class='ocrx_word' id='word_1_201' title='bbox 1112 1631 1225 1662; x_wconf 86' lang='lat' dir='ltr'>neque</span> 
     </span>
     <span class='ocr_line' id='line_1_26' title="bbox 76 1679 1223 1731; baseline -0.007 -12"><span class='ocrx_word' id='word_1_202' title='bbox 76 1685 268 1731; x_wconf 79' lang='lat' dir='ltr'>spirituales</span> <span class='ocrx_word' id='word_1_203' title='bbox 301 1682 464 1722; x_wconf 85' lang='lat' dir='ltr'>carnalia;</span> <span class='ocrx_word' id='word_1_204' title='bbox 501 1681 587 1713; x_wconf 86' lang='lat' dir='ltr'>sicut</span> <span class='ocrx_word' id='word_1_205' title='bbox 619 1694 681 1712; x_wconf 86' lang='lat' dir='ltr'>nec</span> <span class='ocrx_word' id='word_1_206' title='bbox 713 1680 816 1718; x_wconf 79' lang='lat' dir='ltr'>fides,</span> <span class='ocrx_word' id='word_1_207' title='bbox 857 1693 942 1724; x_wconf 87' lang='lat' dir='ltr'>quae</span> <span class='ocrx_word' id='word_1_208' title='bbox 975 1679 1223 1712; x_wconf 81' lang='lat' dir='ltr'>incredulitatis</span> 
     </span>
     <span class='ocr_line' id='line_1_27' title="bbox 77 1741 750 1787; baseline -0.012 -6"><span class='ocrx_word' id='word_1_209' title='bbox 77 1757 163 1787; x_wconf 85' lang='lat' dir='ltr'>sunt,</span> <span class='ocrx_word' id='word_1_210' title='bbox 187 1760 249 1779; x_wconf 90' lang='lat' dir='ltr'>nec</span> <span class='ocrx_word' id='word_1_211' title='bbox 274 1743 502 1782; x_wconf 76' lang='lat' dir='ltr'>incredulitas,</span> <span class='ocrx_word' id='word_1_212' title='bbox 529 1755 612 1787; x_wconf 79' lang='lat' dir='ltr'>quac·</span> <span class='ocrx_word' id='word_1_213' title='bbox 639 1741 750 1774; x_wconf 46' lang='lat' dir='ltr'>fidi-L«</span> 
     </span>
    </p>

    <p class='ocr_par' dir='ltr' id='par_1_3' title="bbox 61 1800 1223 2284">
     <span class='ocr_line' id='line_1_28' title="bbox 165 1800 1223 1850; baseline -0.005 -9"><span class='ocrx_word' id='word_1_214' title='bbox 165 1809 242 1841; x_wconf 81' lang='grc' dir='ltr'>ΧΠ.</span> <span class='ocrx_word' id='word_1_215' title='bbox 291 1807 360 1839; x_wconf 83' lang='lat' dir='ltr'>Sed</span> <span class='ocrx_word' id='word_1_216' title='bbox 384 1807 543 1850; x_wconf 84' lang='lat' dir='ltr'>profecto</span> <span class='ocrx_word' id='word_1_217' title='bbox 569 1806 611 1837; x_wconf 88' lang='lat' dir='ltr'>de</span> <span class='ocrx_word' id='word_1_218' title='bbox 639 1804 795 1845; x_wconf 84' lang='lat' dir='ltr'>Origenis</span> <span class='ocrx_word' id='word_1_219' title='bbox 827 1803 993 1836; x_wconf 85' lang='lat' dir='ltr'>sententia</span> <span class='ocrx_word' id='word_1_220' title='bbox 1025 1800 1105 1836; x_wconf 22' lang='lat' dir='ltr'>non*</span> <span class='ocrx_word' id='word_1_221' title='bbox 1122 1803 1223 1836; x_wconf 82' lang='lat' dir='ltr'>dubi-</span> 
     </span>
     <span class='ocr_line' id='line_1_29' title="bbox 78 1865 1220 1914; baseline -0.007 -10"><span class='ocrx_word' id='word_1_222' title='bbox 78 1872 181 1909; x_wconf 83' lang='lat' dir='ltr'>tabit,</span> <span class='ocrx_word' id='word_1_223' title='bbox 219 1868 369 1914; x_wconf 88' lang='lat' dir='ltr'>quisquis</span> <span class='ocrx_word' id='word_1_224' title='bbox 400 1868 512 1910; x_wconf 85' lang='lat' dir='ltr'>legere</span> <span class='ocrx_word' id='word_1_225' title='bbox 545 1868 638 1899; x_wconf 71' lang='lat' dir='ltr'>volet</span> <span class='ocrx_word' id='word_1_226' title='bbox 671 1867 787 1898; x_wconf 88' lang='lat' dir='ltr'>locum</span> <span class='ocrx_word' id='word_1_227' title='bbox 822 1879 860 1898; x_wconf 88' lang='lat' dir='ltr'>ex</span> <span class='ocrx_word' id='word_1_228' title='bbox 895 1865 1152 1898; x_wconf 84' lang='lat' dir='ltr'>Commentario</span> <span class='ocrx_word' id='word_1_229' title='bbox 1185 1865 1220 1897; x_wconf 86' lang='lat' dir='ltr'>in</span> 
     </span>
     <span class='ocr_line' id='line_1_30' title="bbox 77 1926 1220 1975; baseline -0.006 -9"><span class='ocrx_word' id='word_1_230' title='bbox 77 1934 241 1970; x_wconf 76' lang='lat' dir='ltr'>psalmos,</span> <span class='ocrx_word' id='word_1_231' title='bbox 265 1930 324 1962; x_wconf 86' lang='lat' dir='ltr'>ubi</span> <span class='ocrx_word' id='word_1_232' title='bbox 349 1930 395 1962; x_wconf 90' lang='lat' dir='ltr'>sie</span> <span class='ocrx_word' id='word_1_233' title='bbox 423 1930 590 1975; x_wconf 81' lang='lat' dir='ltr'>quuitur:</span> <span class='ocrx_word' id='word_1_234' title='bbox 637 1931 741 1962; x_wconf 59' lang='lat' dir='ltr'>»Bon</span> <span class='ocrx_word' id='word_1_235' title='bbox 773 1928 885 1961; x_wconf 88' lang='lat' dir='ltr'>solum</span> <span class='ocrx_word' id='word_1_236' title='bbox 910 1927 1011 1969; x_wconf 83' lang='lat' dir='ltr'>igitur</span> <span class='ocrx_word' id='word_1_237' title='bbox 1035 1927 1078 1960; x_wconf 87' lang='lat' dir='ltr'>ad</span> <span class='ocrx_word' id='word_1_238' title='bbox 1102 1926 1158 1967; x_wconf 84' lang='lat' dir='ltr'>id,</span> <span class='ocrx_word' id='word_1_239' title='bbox 1181 1936 1220 1960; x_wconf 90' lang='lat' dir='ltr'>ut</span> 
     </span>
     <span class='ocr_line' id='line_1_31' title="bbox 77 1990 1220 2035; baseline -0.004 -8"><span class='ocrx_word' id='word_1_240' title='bbox 77 1996 239 2028; x_wconf 76' lang='lat' dir='ltr'>honestus</span> <span class='ocrx_word' id='word_1_241' title='bbox 264 2002 296 2024; x_wconf 84' lang='lat' dir='ltr'>ct</span> <span class='ocrx_word' id='word_1_242' title='bbox 320 1993 428 2023; x_wconf 88' lang='lat' dir='ltr'>bonus</span> <span class='ocrx_word' id='word_1_243' title='bbox 453 1992 510 2024; x_wconf 79' lang='lat' dir='ltr'>fiat</span> <span class='ocrx_word' id='word_1_244' title='bbox 535 1991 674 2035; x_wconf 80' lang='lat' dir='ltr'>aliquis,</span> <span class='ocrx_word' id='word_1_245' title='bbox 708 2004 793 2035; x_wconf 84' lang='lat' dir='ltr'>opus</span> <span class='ocrx_word' id='word_1_246' title='bbox 819 1999 867 2022; x_wconf 90' lang='lat' dir='ltr'>est</span> <span class='ocrx_word' id='word_1_247' title='bbox 894 1990 1069 2021; x_wconf 79' lang='lat' dir='ltr'>voluntate</span> <span class='ocrx_word' id='word_1_248' title='bbox 1093 1998 1220 2029; x_wconf 81' lang='lat' dir='ltr'>nostra,</span> 
     </span>
     <span class='ocr_line' id='line_1_32' title="bbox 80 2050 1218 2098; baseline -0.005 -10"><span class='ocrx_word' id='word_1_249' title='bbox 80 2067 112 2089; x_wconf 86' lang='lat' dir='ltr'>et</span> <span class='ocrx_word' id='word_1_250' title='bbox 137 2055 250 2088; x_wconf 83' lang='lat' dir='ltr'>divina</span> <span class='ocrx_word' id='word_1_251' title='bbox 276 2067 342 2097; x_wconf 86' lang='lat' dir='ltr'>ope</span> <span class='ocrx_word' id='word_1_252' title='bbox 369 2054 592 2098; x_wconf 80' lang='lat' dir='ltr'>conspirante,</span> <span class='ocrx_word' id='word_1_253' title='bbox 618 2066 719 2098; x_wconf 80' lang='lat' dir='ltr'>quae,</span> <span class='ocrx_word' id='word_1_254' title='bbox 746 2061 910 2097; x_wconf 74' lang='lat' dir='ltr'>quantum</span> <span class='ocrx_word' id='word_1_255' title='bbox 935 2051 977 2083; x_wconf 78' lang='lat' dir='ltr'>ad</span> <span class='ocrx_word' id='word_1_256' title='bbox 1000 2064 1062 2084; x_wconf 91' lang='lat' dir='ltr'>nos</span> <span class='ocrx_word' id='word_1_257' title='bbox 1087 2050 1218 2092; x_wconf 87' lang='lat' dir='ltr'>attinet,</span> 
     </span>
     <span class='ocr_line' id='line_1_33' title="bbox 80 2112 1219 2155; baseline -0.005 -4"><span class='ocrx_word' id='word_1_258' title='bbox 80 2128 170 2151; x_wconf 80' lang='lat' dir='ltr'>extra</span> <span class='ocrx_word' id='word_1_259' title='bbox 192 2117 338 2149; x_wconf 81' lang='lat' dir='ltr'>liberum</span> <span class='ocrx_word' id='word_1_260' title='bbox 363 2115 539 2148; x_wconf 84' lang='lat' dir='ltr'>arbitrium</span> <span class='ocrx_word' id='word_1_261' title='bbox 565 2124 625 2155; x_wconf 81' lang='lat' dir='ltr'>est,</span> <span class='ocrx_word' id='word_1_262' title='bbox 648 2115 717 2147; x_wconf 80' lang='lat' dir='ltr'>sive</span> <span class='ocrx_word' id='word_1_263' title='bbox 744 2128 782 2146; x_wconf 79' lang='lat' dir='ltr'>cx</span> <span class='ocrx_word' id='word_1_264' title='bbox 807 2114 916 2146; x_wconf 87' lang='lat' dir='ltr'>libero</span> <span class='ocrx_word' id='word_1_265' title='bbox 934 2112 1075 2146; x_wconf 87' lang='lat' dir='ltr'>arbitrio</span> <span class='ocrx_word' id='word_1_266' title='bbox 1100 2122 1219 2146; x_wconf 89' lang='lat' dir='ltr'>nostro</span> 
     </span>
     <span class='ocr_line' id='line_1_34' title="bbox 80 2174 1218 2224; baseline -0.002 -12"><span class='ocrx_word' id='word_1_267' title='bbox 80 2192 149 2212; x_wconf 86' lang='lat' dir='ltr'>non</span> <span class='ocrx_word' id='word_1_268' title='bbox 179 2180 322 2224; x_wconf 79' lang='lat' dir='ltr'>pendet3</span> <span class='ocrx_word' id='word_1_269' title='bbox 355 2177 446 2222; x_wconf 59' lang='grc' dir='ltr'>(ἥτις</span> <span class='ocrx_word' id='word_1_270' title='bbox 486 2179 584 2212; x_wconf 70' lang='grc' dir='ltr'>ἐστὶν</span> <span class='ocrx_word' id='word_1_271' title='bbox 621 2176 668 2216; x_wconf 83' lang='grc' dir='ltr'>ὠς</span> <span class='ocrx_word' id='word_1_272' title='bbox 708 2175 798 2221; x_wconf 77' lang='grc' dir='ltr'>πρὸς</span> <span class='ocrx_word' id='word_1_273' title='bbox 828 2174 925 2220; x_wconf 73' lang='grc' dir='ltr'>ἡμᾶς</span> <span class='ocrx_word' id='word_1_274' title='bbox 956 2175 1218 2221; x_wconf 77' lang='grc' dir='ltr'>ἀπροαίρετον)</span> 
     </span>
     <span class='ocr_line' id='line_1_35' title="bbox 61 2237 1220 2284; baseline -0.004 -10"><span class='ocrx_word' id='word_1_275' title='bbox 61 2242 138 2274; x_wconf 66' lang='lat' dir='ltr'>..sed</span> <span class='ocrx_word' id='word_1_276' title='bbox 164 2242 205 2273; x_wconf 79' lang='lat' dir='ltr'>ad</span> <span class='ocrx_word' id='word_1_277' title='bbox 228 2241 263 2273; x_wconf 88' lang='lat' dir='ltr'>id</span> <span class='ocrx_word' id='word_1_278' title='bbox 289 2239 404 2279; x_wconf 77' lang='lat' dir='ltr'>etiam,</span> <span class='ocrx_word' id='word_1_279' title='bbox 428 2249 476 2278; x_wconf 91' lang='lat' dir='ltr'>ut,</span> <span class='ocrx_word' id='word_1_280' title='bbox 501 2239 559 2284; x_wconf 87' lang='lat' dir='ltr'>qui</span> <span class='ocrx_word' id='word_1_281' title='bbox 582 2240 692 2271; x_wconf 88' lang='lat' dir='ltr'>bonus</span> <span class='ocrx_word' id='word_1_282' title='bbox 719 2247 751 2271; x_wconf 86' lang='lat' dir='ltr'>et</span> <span class='ocrx_word' id='word_1_283' title='bbox 776 2237 937 2270; x_wconf 82' lang='lat' dir='ltr'>honestus</span> <span class='ocrx_word' id='word_1_284' title='bbox 955 2237 1071 2277; x_wconf 85' lang='lat' dir='ltr'>evasit,</span> <span class='ocrx_word' id='word_1_285' title='bbox 1094 2237 1130 2269; x_wconf 85' lang='lat' dir='ltr'>in</span> <span class='ocrx_word' id='word_1_286' title='bbox 1155 2237 1220 2270; x_wconf 88' lang='lat' dir='ltr'>vir-</span> 
     </span>
    </p>
   </div>
   <div class='ocr_carea' id='block_1_3' title="bbox 79 2299 1217 2348">
    <p class='ocr_par' dir='ltr' id='par_1_4' title="bbox 79 2299 1217 2348">
     <span class='ocr_line' id='line_1_36' title="bbox 79 2299 1217 2348; baseline -0.004 -12"><span class='ocrx_word' id='word_1_287' title='bbox 79 2312 150 2336; x_wconf 87' lang='lat' dir='ltr'>tute</span> <span class='ocrx_word' id='word_1_288' title='bbox 174 2311 382 2348; x_wconf 83' lang='lat' dir='ltr'>perseveret:</span> <span class='ocrx_word' id='word_1_289' title='bbox 420 2302 512 2346; x_wconf 87' lang='lat' dir='ltr'>quod</span> <span class='ocrx_word' id='word_1_290' title='bbox 543 2301 701 2334; x_wconf 86' lang='lat' dir='ltr'>nimirum</span> <span class='ocrx_word' id='word_1_291' title='bbox 737 2301 771 2332; x_wconf 92' lang='lat' dir='ltr'>in</span> <span class='ocrx_word' id='word_1_292' title='bbox 796 2299 927 2332; x_wconf 79' lang='lat' dir='ltr'>ruinam</span> <span class='ocrx_word' id='word_1_293' title='bbox 953 2300 1149 2344; x_wconf 84' lang='lat' dir='ltr'>delapsurus</span> <span class='ocrx_word' id='word_1_294' title='bbox 1176 2299 1217 2331; x_wconf 88' lang='lat' dir='ltr'>sit</span> 
     </span>
    </p>
   </div>
  </div>
 </body>
</html>
