1403 2492
397 64 710 98 Omcizrmuonum
734 63 848 97 Lunm
864 64 912 97 II.
1140 63 1206 101 313

77 151 141 184 alia
166 155 403 197 perscrutanda
428 163 461 186 et
484 154 707 198 proponenda
731 153 902 193 hortatur,
926 161 1079 197 paratum
1102 165 1137 185 se
1161 153 1206 186 si-

75 214 233 255 gnificans
257 228 274 248 a
298 216 364 248 suis
390 216 572 254 discedere,
597 216 638 246 ad
662 216 803 248 meliora
822 215 971 248 transire.
1004 216 1112 259 Saepe
1133 215 1206 259 qui-

77 276 154 308 dem
186 276 219 308 in
259 277 351 310 libris
391 281 473 321 περὶ
506 277 628 321 ἀρχῶν
660 277 906 309 dubitationem
937 290 1030 309 suam
1061 278 1202 309 fatetur:

77 339 168 370 velut
199 338 256 370 lib.
284 340 307 372 l.
341 353 411 383 cap.
437 339 467 373 6.
502 352 594 371 num.
622 339 650 373 1.
713 339 837 382 »Quae
875 338 1012 383 quidem
1053 351 1070 371 a
1105 339 1203 371 nobis

74 399 174 431 etiam
200 413 276 432 cum
307 414 427 443 magno
459 411 551 433 metu
583 410 616 432 et
641 401 771 433 cautela
795 401 969 441 (licuntur,
993 400 1203 434 discutienti-

74 461 136 493 bus
160 463 262 504 magis
287 472 319 495 et
343 462 640 507 wer-tractantibus,
666 476 765 506 quam
790 476 853 506 pro
880 471 972 495 certo
998 475 1036 494 ac
1061 462 1201 495 definito

73 524 302 556 statuentibus.
352 525 539 557 ludicatum
573 537 718 568 namque
749 537 766 556 a
789 523 888 556 nobis
913 523 947 556 in
970 525 1202 568 superioribus

74 594 133 623 est,
159 587 288 630 quae¹)
312 586 393 626 sint,
419 588 460 619 de
485 587 604 631 quibus
629 585 807 618 manifesto
841 586 997 627 dogmate
1020 586 1203 617 terminan-

76 646 156 678 dum
188 648 247 679 sit:
281 649 373 692 quod
405 657 437 680 et
468 661 530 691 pro
567 647 692 679 viribus
717 660 778 679 nos
804 647 919 679 secisse
944 656 1048 690 puto,
1079 647 1200 690 cum²)

72 708 114 739 de
139 708 302 741 Trinitate
329 710 555 753 loqueremur.
614 710 710 741 Nunc
736 719 846 741 nutem
872 709 1065 753 disputandi
1088 709 1201 752 specie

72 770 192 812 magis,
231 784 329 814 quain
362 770 563 808 definiendi,
600 780 704 814 prout
734 784 932 815 possumus,
972 783 1197 803 exercemmnss

73 830 180 873 Quod
209 831 308 864 iterat
338 833 371 864 in
405 833 470 865 fine
497 831 615 876 capitis
646 831 814 876 ejusdcm,
839 842 872 865 et
896 832 994 864 initio
1018 832 1199 877 sequentis,

71 892 124 924 De
153 893 385 927 lucarnatione
411 894 534 928 Christi
567 894 717 925 dicturus
749 894 829 926 haec
861 895 1032 938 praefatur
1056 894 1130 926 libr.
1157 894 1197 927 ll.

69 956 152 1000 περὶ
174 955 310 1000 ἀρχῶν,
335 970 405 1001 cap.
430 957 460 990 6.
486 969 577 988 num.
601 955 634 988 2.
683 955 758 987 »De
790 969 856 1000 quo
881 969 943 988 nos
967 969 1037 988 non
1061 955 1200 988 temeri-

68 1025 136 1048 tate
161 1017 283 1061 aliqua,
309 1019 366 1050 scd
382 1019 414 1062 3)
441 1017 601 1062 quoniam
627 1018 712 1049 ordo
738 1017 806 1049 loci
831 1017 996 1062 deposcit,
1022 1030 1061 1049 ea
1085 1017 1198 1059 magis,

71 1091 154 1122 quae
179 1079 263 1111 fides
287 1089 399 1111 nasu-a
425 1078 593 1117 continet,
620 1091 720 1121 quam
746 1079 907 1111 humanae
932 1078 1071 1111 rationis
1094 1092 1199 1111 asser-

68 1139 117 1171 tio
144 1139 310 1173 vindicare
335 1140 439 1179 solet,
472 1153 571 1184 quam
596 1140 803 1184 paucissimis
828 1141 1060 1184 proferemus,
1090 1140 1198 1184 suspi-

69 1201 184 1234 ciones
207 1203 320 1246 potius
344 1212 486 1241 nosti-³3,
511 1215 610 1246 quam
635 1203 826 1235 manifestas
850 1203 978 1246 aliquas
1001 1202 1198 1234 affirmatio-

69 1276 128 1296 nes
152 1263 186 1295 in
210 1264 360 1296 medium
386 1265 626 1308 proferentes«
676 1265 746 1297 Nec
770 1265 867 1296 aliter
895 1277 989 1296 suam
1021 1265 1062 1296 de
1087 1264 1198 1297 anima

67 1326 330 1370 disputationem
354 1325 463 1369 accipi
494 1325 576 1358 vult.
625 1325 682 1359 Ait
712 1326 800 1358 cuim
834 1326 867 1358 iu
898 1327 1020 1358 eodem
1046 1325 1122 1358 libr.
1152 1327 1195 1359 ll.

66 1391 151 1434 περὶ
172 1388 316 1433 ἀρχῶν,
355 1400 426 1431 cap.
450 1387 482 1421 ὅ.
508 1400 599 1420 num.
623 1388 654 1422 4.
705 1389 960 1420 »Veruntamen
992 1389 1086 1432 quod
1111 1388 1196 1420 dixi-

66 1464 140 1483 mus
163 1459 311 1482 mentem
335 1451 368 1482 in
398 1450 542 1481 animam
569 1448 666 1488 verti,
693 1450 746 1481 vel
769 1448 797 1481 si
822 1462 886 1493 qua
910 1449 975 1482 alia
998 1449 1032 1482 iu
1057 1450 1123 1482 hoc
1147 1450 1195 1482 vi-

67 1513 189 1545 demur
212 1511 396 1556 adspicere,
421 1511 578 1544 discutiat
590 1511 623 1554 ⁴¹)
649 1512 738 1555 apud
763 1524 798 1543 se
824 1511 881 1555 qui
899 1511 979 1553 legit
999 1511 1194 1554 diligentius

65 1584 99 1608 ct
122 1583 321 1620 pertractet3
344 1587 362 1606 a
385 1573 483 1606 nobis
507 1583 619 1605 tamen
642 1586 711 1605 non
735 1582 897 1617 putentur
921 1574 1013 1606 velut
1037 1575 1194 1616 dogmat-'1

65 1650 135 1669 esse
159 1637 309 1680 prolata,
347 1636 404 1667 sed
438 1635 602 1667 tractandi
633 1648 728 1666 more
759 1648 797 1666 ac
828 1635 1024 1679 requirendi
1049 1649 1118 1669 esse
1144 1637 1195 1669 di-

65 1710 220 1731 scussam
254 1706 287 1728 et
317 1697 421 1740 paulo
455 1705 531 1741 post
554 1709 646 1728 num.
674 1696 706 1729 5.
756 1696 867 1728 »Haec
891 1707 995 1740 prout
1019 1699 1193 1741 potuimus

65 1762 107 1793 de
131 1758 326 1791 rationabili
351 1758 460 1790 anima
485 1758 694 1790 discutienda
717 1757 819 1799 magis
838 1770 855 1789 a
870 1757 1068 1799 legentibus,
1088 1773 1192 1804 quam

63 1831 184 1855 statuta
208 1834 247 1853 ac
271 1820 407 1852 definita
431 1819 664 1864 protuliinus.«
712 1820 818 1851 Plena
840 1828 918 1851 sunt
942 1819 1108 1865 ejusmodi
1132 1823 1192 1854 ob-

64 1883 279 1917 testationum
304 1882 434 1922 omnia,
467 1894 485 1914 e
509 1881 631 1926 quibus
654 1882 833 1914 nonnullas
865 1881 1002 1914 adducit
1032 1883 1193 1927 Pamphi-

66 1946 116 1978 lus
139 1957 233 1977 suam
256 1957 321 1989 pro
346 1943 494 1986 Origene
520 1943 725 1988 Apologiam
757 1943 950 1983 exordiens,
981 1957 1019 1976 ex
1052 1944 1191 1990 ejusque

160 2074 190 2116 ¹)
213 2072 459 2105 Desidet-antur
483 2074 600 2105 verba:
635 2085 739 2117 »quae
763 2072 872 2112 sint,«
902 2072 934 2104 in
961 2074 1036 2105 edd.
1062 2073 1190 2106 Huetii.

155 2130 190 2173 2)
214 2129 302 2162 Edd.
328 2128 461 2161 Huetii:
487 2142 562 2161 cum
587 2129 808 2162 determinate
834 2130 1060 2174 loqueremur.

153 2185 187 2229 ³)
213 2185 299 2217 Edd.
326 2184 459 2217 Huetii:
485 2185 544 2217 sed
570 2187 744 2229 quomodo
771 2187 870 2221 ordo.

155 2242 188 2285 ⁴)
214 2241 300 2274 Edd.
326 2240 462 2274 Huetii:
486 2250 519 2273 et
544 2242 710 2275 discutiat.
