1403 2492
174 88 239 122 272
510 89 621 122 Pt-:rm
647 89 817 122 Dmmus
843 88 975 122 llunrn

173 191 257 224 quae
281 179 410 211 animae
437 178 502 210 vita
528 188 588 219 est,
614 179 788 217 excidunt,
823 186 856 210 et
887 178 983 212 novis
1016 191 1148 212 rursum
1184 181 1305 221 gratiae

173 241 304 274 auxiliis
329 241 462 273 excitati
489 241 628 273 eandem
654 249 865 284 recuperant.
915 240 1017 273 Aliud
1050 250 1098 274 est
1122 250 1235 274 autem
1259 242 1306 275 la-

172 304 292 335 borare
316 301 474 346 peccatis,
498 302 589 335 aliud
614 301 760 334 hominis
794 302 940 346 peccatis
974 303 1156 336 laborantis
1188 303 1307 346 imagi-

171 378 249 397 nem
287 377 422 407 gerere:
459 374 668 409 postremum
708 364 773 396 lioc
810 365 935 397 Lazaro
978 365 1095 397 tribuit
1131 365 1305 408 Origenes,

171 427 263 472 prius
295 439 376 459 vero
410 426 559 460 minime.
616 426 711 469 Quid
742 426 782 458 ad
814 427 988 471 sequentia
1028 440 1133 472 porro
1165 440 1306 472 respon-

171 491 281 529 deam,
304 502 373 521 non
399 488 518 528 liabeo,
544 488 576 520 in
591 489 711 532 quibus
729 488 940 521 insimulatur
955 489 1186 531 eldanrantius,
1210 489 1305 534 quod

170 561 287 584 contra
319 550 493 592 Evangelii
525 549 760 582 auctoritatem
791 551 939 584 Judaeos
974 551 1145 593 negaverit
1175 550 1304 596 lapides

169 614 203 646 in
229 613 398 646 Clu-istum
425 612 594 658 jaciendos
619 612 808 651 sustulisse,
840 625 979 657 remque
1005 613 1047 646 ad
1072 612 1303 658 tropologiam

169 675 364 708 detorserit:
389 688 465 707 nam
492 683 654 706 vetustate
687 674 871 708 imminutis
898 675 1160 708 Commentariis
1185 675 1218 708 in
1241 675 1303 707 Jo-

167 750 298 777 annem,
323 750 398 781 pars
424 737 480 769 illa
505 735 688 776 intercidit,
713 736 746 768 in
772 749 836 781 qua
868 737 950 769 haec
980 737 1156 779 Evangelii
1187 750 1301 770 narra-

166 801 214 833 tio
242 799 447 843 explanatur.
497 797 686 841 Quomodo
720 811 797 840 ergo
832 799 873 831 ab
904 798 1052 841 Origene
1084 809 1223 843 accepta
1247 799 1301 838 sit,

165 862 329 895 incertum
359 869 418 893 est.
465 859 622 904 Denique
647 872 741 901 aegre
776 860 954 892 Eustathio
989 870 1055 900 est,
1088 861 1180 905 quod
1206 874 1301 902 argu-

164 924 285 957 mentis
312 936 349 955 ex
373 922 551 955 nominum
583 922 861 966 interpretatione
886 923 1020 967 petitis,
1057 922 1090 954 in
1121 923 1298 964 allegorias

163 986 383 1019 Adamantius
416 996 656 1028 nonnunquam
689 993 858 1024 excurrat,
896 997 972 1016 cum
1005 986 1073 1017 duo
1105 985 1299 1029 saepissime

162 1047 330 1087 homines,
354 1046 506 1078 moribus
532 1055 565 1078 et
589 1046 719 1078 ratione
745 1045 832 1078 vitae
847 1048 979 1090 penitus
998 1047 1182 1087 discordes,
1207 1047 1296 1079 idem

162 1120 274 1142 tamen
299 1120 424 1140 nomen
451 1117 574 1149 gerant.
622 1110 666 1140 At
691 1120 759 1139 non
785 1116 851 1140 tam
877 1108 956 1139 inde
981 1108 1159 1150 allegorias
1177 1109 1296 1151 Orige-

162 1185 240 1205 nem
263 1182 429 1203 arcessere
456 1182 571 1201 verum
599 1179 657 1210 est,
683 1182 781 1214 quam
809 1169 942 1201 aliunde
966 1170 1087 1214 petitas
1114 1171 1177 1203 hoc
1203 1171 1292 1204 insu-

160 1247 222 1279 per
246 1241 455 1274 argumento,
479 1230 691 1274 quantumvis
717 1231 783 1264 levi
809 1232 1020 1265 confirmare.

160 1475 527 1535 QUAESTIO
561 1475 828 1522 DECIMA
869 1475 1160 1533 QUARTA
1193 1474 1308 1524 ΕΤ.

584 1559 866 1606 ULTIMA.
1139 1564 1142 1566 ’

156 1669 579 1717 QUAESTIUNCULAS
614 1668 827 1712 ALIQUOT
860 1668 1002 1712 QUASI
1034 1669 1124 1704 PER
1149 1670 1290 1705 SATU-

521 1731 625 1765 ΒΑΜ
651 1730 918 1774 COMPLEXA.

155 1828 181 1860 Ι.
208 1824 392 1869 Quaeritur
414 1814 758 1863 Origenis¹sententia
783 1822 823 1853 de
850 1821 975 1863 ligandi
1001 1832 1033 1855 et
1045 1823 1199 1855 solvendi
1225 1836 1287 1868 po·

153 1896 272 1920 testate
303 1885 532 1918 sacerdotibus
564 1896 731 1916 concessa.
780 1884 822 1915 ll.
856 1883 1032 1916 Excutitur
1062 1884 1212 1929 ejusdem
1245 1886 1286 1917 de

151 1947 359 1982 Eucliaristia
385 1947 513 1991 opinio,
563 1946 622 1978 lll.
649 1945 824 1987 Quaedam
857 1944 961 1989 ipsius
993 1946 1035 1978 de
1065 1946 1284 1978 matrimonio

151 2011 307 2052 dogmata
343 2018 512 2041 notantur.
562 2009 618 2040 lV.
658 2007 781 2039 Utrum
820 2007 956 2048 magicis
988 2007 1114 2040 artibus
1151 2007 1283 2048 faverit,

151 2073 362 2117 exploratur:
389 2071 428 2106 V.
454 2080 485 2102 et
503 2071 543 2102 de
562 2068 830 2114 Engastrinnytlno
856 2068 937 2113 quid
955 2069 1124 2110 statueri13
1148 2069 1204 2103 VI.
1231 2083 1283 2103 ec-

296 2133 376 2177 quid
402 2133 442 2164 de
468 2131 656 2170 mendacio,
683 2132 755 2163 vlt,
782 2141 813 2162 et
839 2131 880 2162 de
905 2129 1132 2176 jurejurando.

241 2225 264 2257 l,
315 2224 525 2255 Pes-tremam
556 2221 639 2254 hanc
673 2222 903 2266 quaestionem
935 2221 1063 2265 aperiet
1093 2221 1204 2254 brevis
1237 2223 1278 2254 de

147 2286 358 2319 sacerdotum
385 2293 570 2328 potestate,
596 2283 685 2329 juxta
711 2283 866 2326 Origenis
889 2283 1106 2324 seutentiam,
1132 2283 1280 2329 disputa-

275 2426 288 2435 o
