<?xml version="1.0" encoding="UTF-8"?>
<!DOCTYPE html PUBLIC "-//W3C//DTD XHTML 1.0 Transitional//EN"
    "http://www.w3.org/TR/xhtml1/DTD/xhtml1-transitional.dtd">
<html xmlns="http://www.w3.org/1999/xhtml" xml:lang="en" lang="en">
 <head>
  <title>
</title>
<meta http-equiv="Content-Type" content="text/html;charset=utf-8" />
  <meta name='ocr-system' content='tesseract 3.04.00' />
  <meta name='ocr-capabilities' content='ocr_page ocr_carea ocr_par ocr_line ocrx_word'/>
</head>
<body>
  <div class='ocr_page' id='page_1' title='image "./operaomniaquaegr23orig/operaomniaquaegr23orig_0337.png"; bbox 0 0 1403 2492; ppageno 0'>
   <div class='ocr_carea' id='block_1_1' title="bbox 369 59 1188 96">
    <p class='ocr_par' dir='ltr' id='par_1_1' title="bbox 369 59 1188 96">
     <span class='ocr_line' id='line_1_1' title="bbox 369 59 1188 96; baseline 0.005 -4"><span class='ocrx_word' id='word_1_1' title='bbox 369 60 678 92; x_wconf 69' lang='lat' dir='ltr'>ORIGENIANORUM</span> <span class='ocrx_word' id='word_1_2' title='bbox 703 59 819 92; x_wconf 71' lang='lat' dir='ltr'><strong>Lmen</strong></span> <span class='ocrx_word' id='word_1_3' title='bbox 843 59 888 92; x_wconf 85' lang='lat'><strong>11.</strong></span> <span class='ocrx_word' id='word_1_4' title='bbox 1123 60 1188 96; x_wconf 87' lang='grc'><strong>323</strong></span> 
     </span>
    </p>
   </div>
   <div class='ocr_carea' id='block_1_2' title="bbox 42 146 1185 2045">
    <p class='ocr_par' dir='ltr' id='par_1_2' title="bbox 42 146 1185 1674">
     <span class='ocr_line' id='line_1_2' title="bbox 50 146 1185 193; baseline 0.004 -15"><span class='ocrx_word' id='word_1_5' title='bbox 50 147 233 180; x_wconf 73' lang='lat' dir='ltr'>etiamnum</span> <span class='ocrx_word' id='word_1_6' title='bbox 259 158 290 181; x_wconf 84' lang='lat' dir='ltr'><strong>et</strong></span> <span class='ocrx_word' id='word_1_7' title='bbox 315 149 492 181; x_wconf 78' lang='lat' dir='ltr'><strong>immatura</strong></span> <span class='ocrx_word' id='word_1_8' title='bbox 516 146 750 192; x_wconf 79' lang='lat' dir='ltr'><strong>profunderet.</strong></span> <span class='ocrx_word' id='word_1_9' title='bbox 791 147 941 181; x_wconf 80' lang='lat' dir='ltr'><strong>Accessit</strong></span> <span class='ocrx_word' id='word_1_10' title='bbox 956 148 1071 192; x_wconf 74' lang='lat' dir='ltr'><strong>inepta</strong></span> <span class='ocrx_word' id='word_1_11' title='bbox 1084 162 1185 193; x_wconf 84' lang='lat' dir='ltr'><strong>quae-</strong></span> 
     </span>
     <span class='ocr_line' id='line_1_3' title="bbox 49 204 1185 255; baseline 0.004 -15"><span class='ocrx_word' id='word_1_12' title='bbox 49 210 124 240; x_wconf 86' lang='lat' dir='ltr'><strong>dam</strong></span> <span class='ocrx_word' id='word_1_13' title='bbox 150 210 345 254; x_wconf 77' lang='lat' dir='ltr'><strong>Scripturae</strong></span> <span class='ocrx_word' id='word_1_14' title='bbox 369 210 569 254; x_wconf 81' lang='lat' dir='ltr'><strong>plerumque</strong></span> <span class='ocrx_word' id='word_1_15' title='bbox 595 204 813 255; x_wconf 78' lang='lat' dir='ltr'><strong>explicandae</strong></span> <span class='ocrx_word' id='word_1_16' title='bbox 839 210 944 249; x_wconf 79' lang='lat' dir='ltr'><strong>ratio,</strong></span> <span class='ocrx_word' id='word_1_17' title='bbox 970 223 1093 243; x_wconf 78' lang='lat' dir='ltr'><strong>vocum</strong></span> <span class='ocrx_word' id='word_1_18' title='bbox 1118 212 1185 245; x_wconf 89' lang='lat' dir='ltr'><strong>sin-</strong></span> 
     </span>
     <span class='ocr_line' id='line_1_4' title="bbox 48 262 1184 315; baseline 0.003 -13"><span class='ocrx_word' id='word_1_19' title='bbox 48 271 199 312; x_wconf 76' lang='lat' dir='ltr'><strong>gularum</strong></span> <span class='ocrx_word' id='word_1_20' title='bbox 231 271 427 303; x_wconf 88' lang='lat' dir='ltr'><strong>notionibus</strong></span> <span class='ocrx_word' id='word_1_21' title='bbox 469 271 624 303; x_wconf 81' lang='lat' dir='ltr'><strong>eruendis</strong></span> <span class='ocrx_word' id='word_1_22' title='bbox 657 281 690 304; x_wconf 83' lang='lat' dir='ltr'><strong>et</strong></span> <span class='ocrx_word' id='word_1_23' title='bbox 727 262 955 315; x_wconf 77' lang='lat' dir='ltr'><strong>expendendis</strong></span> <span class='ocrx_word' id='word_1_24' title='bbox 987 271 1106 304; x_wconf 87' lang='lat' dir='ltr'><strong>odiose</strong></span> <span class='ocrx_word' id='word_1_25' title='bbox 1147 284 1184 305; x_wconf 79' lang='lat' dir='ltr'><strong>ac</strong></span> 
     </span>
     <span class='ocr_line' id='line_1_5' title="bbox 49 332 1182 377; baseline 0.002 -13"><span class='ocrx_word' id='word_1_26' title='bbox 49 332 166 374; x_wconf 84' lang='lat' dir='ltr'><strong>putide</strong></span> <span class='ocrx_word' id='word_1_27' title='bbox 191 333 342 371; x_wconf 82' lang='lat' dir='ltr'><strong>studens,</strong></span> <span class='ocrx_word' id='word_1_28' title='bbox 375 342 407 365; x_wconf 89' lang='lat' dir='ltr'><strong>et</strong></span> <span class='ocrx_word' id='word_1_29' title='bbox 439 332 472 364; x_wconf 86' lang='lat' dir='ltr'><strong>in</strong></span> <span class='ocrx_word' id='word_1_30' title='bbox 502 333 641 365; x_wconf 86' lang='lat' dir='ltr'><strong>minutis</strong></span> <span class='ocrx_word' id='word_1_31' title='bbox 674 332 863 377; x_wconf 79' lang='lat' dir='ltr'><strong>quibusque</strong></span> <span class='ocrx_word' id='word_1_32' title='bbox 889 333 1121 366; x_wconf 79' lang='lat' dir='ltr'><strong>consectandis</strong></span> <span class='ocrx_word' id='word_1_33' title='bbox 1144 346 1182 366; x_wconf 83' lang='lat' dir='ltr'><strong>ac</strong></span> 
     </span>
     <span class='ocr_line' id='line_1_6' title="bbox 50 393 1181 435; baseline 0.003 -11"><span class='ocrx_word' id='word_1_34' title='bbox 50 393 193 426; x_wconf 80' lang='lat' dir='ltr'><strong>invicem</strong></span> <span class='ocrx_word' id='word_1_35' title='bbox 226 394 445 435; x_wconf 81' lang='lat' dir='ltr'><strong>conssigc&#39;ndis</strong></span> <span class='ocrx_word' id='word_1_36' title='bbox 479 406 613 427; x_wconf 84' lang='lat' dir='ltr'><strong>morose</strong></span> <span class='ocrx_word' id='word_1_37' title='bbox 647 403 679 426; x_wconf 88' lang='lat' dir='ltr'><strong>et.</strong></span> <span class='ocrx_word' id='word_1_38' title='bbox 710 394 831 435; x_wconf 79' lang='lat' dir='ltr'><strong>frigide</strong></span> <span class='ocrx_word' id='word_1_39' title='bbox 864 394 1027 427; x_wconf 87' lang='lat' dir='ltr'><strong>laborans.</strong></span> <span class='ocrx_word' id='word_1_40' title='bbox 1085 396 1181 427; x_wconf 82' lang='lat' dir='ltr'><strong>Adde</strong></span> 
     </span>
     <span class='ocr_line' id='line_1_7' title="bbox 48 454 1181 500; baseline 0.004 -15"><span class='ocrx_word' id='word_1_41' title='bbox 48 454 190 487; x_wconf 85' lang='lat' dir='ltr'><strong>nimium</strong></span> <span class='ocrx_word' id='word_1_42' title='bbox 204 457 424 499; x_wconf 83' lang='lat' dir='ltr'><strong>profanarum</strong></span> <span class='ocrx_word' id='word_1_43' title='bbox 442 455 684 495; x_wconf 75' lang='lat' dir='ltr'><strong>doctrinarum,</strong></span> <span class='ocrx_word' id='word_1_44' title='bbox 711 469 748 488; x_wconf 92' lang='lat' dir='ltr'><strong>ac</strong></span> <span class='ocrx_word' id='word_1_45' title='bbox 761 454 957 488; x_wconf 75' lang='lat' dir='ltr'>Platonicae</span> <span class='ocrx_word' id='word_1_46' title='bbox 982 456 1181 500; x_wconf 82' lang='lat' dir='ltr'><strong>praesertim</strong></span> 
     </span>
     <span class='ocr_line' id='line_1_8' title="bbox 47 516 1178 563; baseline 0.004 -16"><span class='ocrx_word' id='word_1_47' title='bbox 47 516 303 561; x_wconf 79' lang='lat' dir='ltr'><strong>philosophiae,</strong></span> <span class='ocrx_word' id='word_1_48' title='bbox 341 532 439 563; x_wconf 86' lang='lat' dir='ltr'><strong>quam</strong></span> <span class='ocrx_word' id='word_1_49' title='bbox 475 519 703 551; x_wconf 73' lang='lat' dir='ltr'><strong>Tertullianus</strong></span> <span class='ocrx_word' id='word_1_50' title='bbox 729 517 786 551; x_wconf 87' lang='lat' dir='ltr'><strong>lib.</strong></span> <span class='ocrx_word' id='word_1_51' title='bbox 812 518 854 549; x_wconf 89' lang='lat' dir='ltr'><strong>de</strong></span> <span class='ocrx_word' id='word_1_52' title='bbox 880 518 1002 550; x_wconf 77' lang='lat' dir='ltr'><strong>Anima</strong></span> <span class='ocrx_word' id='word_1_53' title='bbox 1027 531 1099 562; x_wconf 83' lang='lat' dir='ltr'><strong>cap.</strong></span> <span class='ocrx_word' id='word_1_54' title='bbox 1124 518 1178 554; x_wconf 82' lang='lat'><strong>23.</strong></span> 
     </span>
     <span class='ocr_line' id='line_1_9' title="bbox 49 577 1180 620; baseline 0.004 -12"><span class='ocrx_word' id='word_1_55' title='bbox 49 577 315 611; x_wconf 82' lang='lat' dir='ltr'><strong>»baereticorum</strong></span> <span class='ocrx_word' id='word_1_56' title='bbox 341 581 493 612; x_wconf 83' lang='lat' dir='ltr'><strong>omnium</strong></span> <span class='ocrx_word' id='word_1_57' title='bbox 519 580 825 612; x_wconf 76' lang='lat' dir='ltr'><strong>condimentarium</strong></span> <span class='ocrx_word' id='word_1_58' title='bbox 849 592 918 611; x_wconf 82' lang='lat' dir='ltr'><strong>esse</strong></span> <span class='ocrx_word' id='word_1_59' title='bbox 949 580 1096 612; x_wconf 74' lang='lat' dir='ltr'><strong>sactum«</strong></span> <span class='ocrx_word' id='word_1_60' title='bbox 1123 581 1180 620; x_wconf 77' lang='lat' dir='ltr'><strong>ait,</strong></span> 
     </span>
     <span class='ocr_line' id='line_1_10' title="bbox 46 639 1180 686; baseline 0.004 -16"><span class='ocrx_word' id='word_1_61' title='bbox 46 639 206 679; x_wconf 86' lang='lat' dir='ltr'><strong>studium,</strong></span> <span class='ocrx_word' id='word_1_62' title='bbox 231 642 271 673; x_wconf 87' lang='lat' dir='ltr'><strong>ad</strong></span> <span class='ocrx_word' id='word_1_63' title='bbox 298 641 390 686; x_wconf 76' lang='lat' dir='ltr'><strong>cujus</strong></span> <span class='ocrx_word' id='word_1_64' title='bbox 415 655 569 674; x_wconf 84' lang='lat' dir='ltr'><strong>normam</strong></span> <span class='ocrx_word' id='word_1_65' title='bbox 596 641 803 683; x_wconf 80' lang='lat' dir='ltr'><strong>Theologica</strong></span> <span class='ocrx_word' id='word_1_66' title='bbox 829 641 986 682; x_wconf 78' lang='lat' dir='ltr'><strong>dogmata</strong></span> <span class='ocrx_word' id='word_1_67' title='bbox 1011 654 1087 674; x_wconf 81' lang='lat' dir='ltr'><strong>cum</strong></span> <span class='ocrx_word' id='word_1_68' title='bbox 1113 643 1180 675; x_wconf 88' lang='lat' dir='ltr'><strong>exi-</strong></span> 
     </span>
     <span class='ocr_line' id='line_1_11' title="bbox 45 702 1179 748; baseline 0.005 -17"><span class='ocrx_word' id='word_1_69' title='bbox 45 709 155 741; x_wconf 85' lang='lat' dir='ltr'><strong>geret,</strong></span> <span class='ocrx_word' id='word_1_70' title='bbox 191 703 342 736; x_wconf 80' lang='lat' dir='ltr'><strong>absurdis</strong></span> <span class='ocrx_word' id='word_1_71' title='bbox 375 704 592 748; x_wconf 81' lang='lat' dir='ltr'><strong>opinionibus</strong></span> <span class='ocrx_word' id='word_1_72' title='bbox 623 704 694 747; x_wconf 86' lang='lat' dir='ltr'><strong>ipse</strong></span> <span class='ocrx_word' id='word_1_73' title='bbox 728 702 876 747; x_wconf 85' lang='lat' dir='ltr'><strong>primum</strong></span> <span class='ocrx_word' id='word_1_74' title='bbox 910 702 1076 744; x_wconf 73' lang='lat' dir='ltr'><strong>imbutus,</strong></span> <span class='ocrx_word' id='word_1_75' title='bbox 1100 717 1179 737; x_wconf 88' lang='lat' dir='ltr'><strong>mox</strong></span> 
     </span>
     <span class='ocr_line' id='line_1_12' title="bbox 47 762 1180 809; baseline 0.005 -16"><span class='ocrx_word' id='word_1_76' title='bbox 47 762 222 796; x_wconf 82' lang='lat' dir='ltr'><strong>ecclesiam</strong></span> <span class='ocrx_word' id='word_1_77' title='bbox 247 765 471 798; x_wconf 73' lang='lat' dir='ltr'><strong>conturbavit.</strong></span> <span class='ocrx_word' id='word_1_78' title='bbox 519 766 672 798; x_wconf 87' lang='lat' dir='ltr'><strong>Platonis</strong></span> <span class='ocrx_word' id='word_1_79' title='bbox 698 765 835 809; x_wconf 83' lang='lat' dir='ltr'><strong>quidem</strong></span> <span class='ocrx_word' id='word_1_80' title='bbox 858 764 1069 809; x_wconf 79' lang='lat' dir='ltr'><strong>disciplinam</strong></span> <span class='ocrx_word' id='word_1_81' title='bbox 1094 778 1180 799; x_wconf 77' lang='lat' dir='ltr'><strong>asse-</strong></span> 
     </span>
     <span class='ocr_line' id='line_1_13' title="bbox 47 823 1178 872; baseline 0.005 -17"><span class='ocrx_word' id='word_1_82' title='bbox 47 823 125 856; x_wconf 84' lang='lat' dir='ltr'><strong>ctati</strong></span> <span class='ocrx_word' id='word_1_83' title='bbox 149 834 227 857; x_wconf 82' lang='lat' dir='ltr'><strong>sunt</strong></span> <span class='ocrx_word' id='word_1_84' title='bbox 250 827 374 859; x_wconf 74' lang='lat' dir='ltr'><strong>vetusti</strong></span> <span class='ocrx_word' id='word_1_85' title='bbox 398 827 515 860; x_wconf 88' lang='lat' dir='ltr'><strong>Patres</strong></span> <span class='ocrx_word' id='word_1_86' title='bbox 543 827 801 872; x_wconf 75' lang='lat' dir='ltr'><strong>quamplurimi,</strong></span> <span class='ocrx_word' id='word_1_87' title='bbox 826 826 948 871; x_wconf 84' lang='lat' dir='ltr'><strong>partim</strong></span> <span class='ocrx_word' id='word_1_88' title='bbox 978 827 1178 861; x_wconf 80' lang='lat' dir='ltr'><strong>vetustiores</strong></span> 
     </span>
     <span class='ocr_line' id='line_1_14' title="bbox 46 885 1176 933; baseline 0.005 -16"><span class='ocrx_word' id='word_1_89' title='bbox 46 885 203 927; x_wconf 78' lang='lat' dir='ltr'><strong>Origene,</strong></span> <span class='ocrx_word' id='word_1_90' title='bbox 227 888 348 931; x_wconf 84' lang='lat' dir='ltr'><strong>partim</strong></span> <span class='ocrx_word' id='word_1_91' title='bbox 375 890 496 921; x_wconf 80' lang='lat' dir='ltr'><strong>eodem</strong></span> <span class='ocrx_word' id='word_1_92' title='bbox 520 889 736 928; x_wconf 85' lang='lat' dir='ltr'><strong>recentiores,</strong></span> <span class='ocrx_word' id='word_1_93' title='bbox 762 888 955 933; x_wconf 87' lang='lat' dir='ltr'><strong>quicunque</strong></span> <span class='ocrx_word' id='word_1_94' title='bbox 979 890 1176 932; x_wconf 85' lang='lat' dir='ltr'><strong>praesertim</strong></span> 
     </span>
     <span class='ocr_line' id='line_1_15' title="bbox 44 947 1175 985; baseline 0.006 -7"><span class='ocrx_word' id='word_1_95' title='bbox 44 947 230 981; x_wconf 73' lang='lat' dir='ltr'><strong>Nicaenum</strong></span> <span class='ocrx_word' id='word_1_96' title='bbox 257 950 448 983; x_wconf 84' lang='lat' dir='ltr'><strong>Concilium</strong></span> <span class='ocrx_word' id='word_1_97' title='bbox 474 959 742 984; x_wconf 80' lang='lat' dir='ltr'><strong>antecesserunt:</strong></span> <span class='ocrx_word' id='word_1_98' title='bbox 775 959 807 982; x_wconf 87' lang='lat' dir='ltr'><strong>at</strong></span> <span class='ocrx_word' id='word_1_99' title='bbox 842 963 879 982; x_wconf 84' lang='lat' dir='ltr'><strong>ea</strong></span> <span class='ocrx_word' id='word_1_100' title='bbox 911 950 1020 982; x_wconf 85' lang='lat' dir='ltr'><strong>solum</strong></span> <span class='ocrx_word' id='word_1_101' title='bbox 1047 952 1089 983; x_wconf 86' lang='lat' dir='ltr'><strong>ab</strong></span> <span class='ocrx_word' id='word_1_102' title='bbox 1114 952 1175 985; x_wconf 83' lang='lat' dir='ltr'><strong>illo</strong></span> 
     </span>
     <span class='ocr_line' id='line_1_16' title="bbox 44 1011 1178 1056; baseline 0.004 -16"><span class='ocrx_word' id='word_1_103' title='bbox 44 1011 187 1043; x_wconf 82' lang='lat' dir='ltr'><strong>mutuati</strong></span> <span class='ocrx_word' id='word_1_104' title='bbox 211 1021 297 1051; x_wconf 85' lang='lat' dir='ltr'><strong>sunt,</strong></span> <span class='ocrx_word' id='word_1_105' title='bbox 323 1026 407 1056; x_wconf 84' lang='lat' dir='ltr'><strong>quae</strong></span> <span class='ocrx_word' id='word_1_106' title='bbox 433 1013 575 1045; x_wconf 74' lang='lat' dir='ltr'><strong>decretis</strong></span> <span class='ocrx_word' id='word_1_107' title='bbox 602 1013 762 1045; x_wconf 81' lang='lat' dir='ltr'><strong>ecclesiae</strong></span> <span class='ocrx_word' id='word_1_108' title='bbox 795 1011 1066 1053; x_wconf 76' lang='lat' dir='ltr'><strong>consentiebant3</strong></span> <span class='ocrx_word' id='word_1_109' title='bbox 1097 1013 1178 1047; x_wconf 91' lang='lat' dir='ltr'><strong>Ori-</strong></span> 
     </span>
     <span class='ocr_line' id='line_1_17' title="bbox 44 1073 1179 1112; baseline 0.004 -10"><span class='ocrx_word' id='word_1_110' title='bbox 44 1083 143 1112; x_wconf 80' lang='lat' dir='ltr'><strong>genes</strong></span> <span class='ocrx_word' id='word_1_111' title='bbox 168 1085 249 1104; x_wconf 88' lang='lat' dir='ltr'><strong>vero</strong></span> <span class='ocrx_word' id='word_1_112' title='bbox 274 1081 382 1105; x_wconf 83' lang='lat' dir='ltr'><strong>totam</strong></span> <span class='ocrx_word' id='word_1_113' title='bbox 405 1075 619 1106; x_wconf 79' lang='lat' dir='ltr'><strong>Academiam</strong></span> <span class='ocrx_word' id='word_1_114' title='bbox 646 1075 732 1106; x_wconf 75' lang='lat' dir='ltr'><strong>visus</strong></span> <span class='ocrx_word' id='word_1_115' title='bbox 758 1083 805 1105; x_wconf 80' lang='lat' dir='ltr'><strong>est</strong></span> <span class='ocrx_word' id='word_1_116' title='bbox 829 1073 863 1104; x_wconf 86' lang='lat' dir='ltr'><strong>in</strong></span> <span class='ocrx_word' id='word_1_117' title='bbox 880 1073 1055 1105; x_wconf 69' lang='lat' dir='ltr'><strong>ecclesiam</strong></span> <span class='ocrx_word' id='word_1_118' title='bbox 1074 1083 1179 1107; x_wconf 83' lang='lat' dir='ltr'><strong>trans-</strong></span> 
     </span>
     <span class='ocr_line' id='line_1_18' title="bbox 44 1133 1176 1178; baseline 0.005 -14"><span class='ocrx_word' id='word_1_119' title='bbox 44 1133 178 1178; x_wconf 77' lang='lat' dir='ltr'><strong>tulisse,</strong></span> <span class='ocrx_word' id='word_1_120' title='bbox 216 1134 297 1167; x_wconf 75' lang='lat' dir='ltr'><strong>licet</strong></span> <span class='ocrx_word' id='word_1_121' title='bbox 335 1137 480 1168; x_wconf 79' lang='lat' dir='ltr'><strong>fateatur</strong></span> <span class='ocrx_word' id='word_1_122' title='bbox 517 1136 760 1168; x_wconf 82' lang='lat' dir='ltr'><strong>H0mi1.X1V.</strong></span> <span class='ocrx_word' id='word_1_123' title='bbox 798 1135 831 1167; x_wconf 90' lang='lat' dir='ltr'><strong>in</strong></span> <span class='ocrx_word' id='word_1_124' title='bbox 869 1135 991 1169; x_wconf 58' lang='lat' dir='ltr'><strong>Genea.</strong></span> <span class='ocrx_word' id='word_1_125' title='bbox 1029 1148 1120 1170; x_wconf 89' lang='lat' dir='ltr'><strong>num.</strong></span> <span class='ocrx_word' id='word_1_126' title='bbox 1146 1136 1176 1171; x_wconf 84' lang='lat'><strong>3.</strong></span> 
     </span>
     <span class='ocr_line' id='line_1_19' title="bbox 47 1195 1174 1241; baseline 0.003 -14"><span class='ocrx_word' id='word_1_127' title='bbox 47 1195 321 1240; x_wconf 77' lang='lat' dir='ltr'><strong>»Philosophiam</strong></span> <span class='ocrx_word' id='word_1_128' title='bbox 359 1210 468 1241; x_wconf 83' lang='lat' dir='ltr'><strong>neque</strong></span> <span class='ocrx_word' id='word_1_129' title='bbox 507 1197 540 1229; x_wconf 89' lang='lat' dir='ltr'><strong>in</strong></span> <span class='ocrx_word' id='word_1_130' title='bbox 573 1197 729 1230; x_wconf 85' lang='lat' dir='ltr'><strong>omnibus</strong></span> <span class='ocrx_word' id='word_1_131' title='bbox 761 1197 841 1237; x_wconf 84' lang='lat' dir='ltr'><strong>Legi</strong></span> <span class='ocrx_word' id='word_1_132' title='bbox 873 1196 941 1228; x_wconf 82' lang='lat' dir='ltr'><strong>Dei</strong></span> <span class='ocrx_word' id='word_1_133' title='bbox 973 1198 1174 1230; x_wconf 82' lang='lat' dir='ltr'><strong>contrariam</strong></span> 
     </span>
     <span class='ocr_line' id='line_1_20' title="bbox 44 1259 1174 1302; baseline 0.004 -13"><span class='ocrx_word' id='word_1_134' title='bbox 44 1270 124 1297; x_wconf 82' lang='lat' dir='ltr'><strong>esse,</strong></span> <span class='ocrx_word' id='word_1_135' title='bbox 148 1270 259 1302; x_wconf 85' lang='lat' dir='ltr'><strong>neque</strong></span> <span class='ocrx_word' id='word_1_136' title='bbox 283 1259 319 1290; x_wconf 85' lang='lat' dir='ltr'><strong>in</strong></span> <span class='ocrx_word' id='word_1_137' title='bbox 344 1259 501 1291; x_wconf 88' lang='lat' dir='ltr'><strong>omnibus</strong></span> <span class='ocrx_word' id='word_1_138' title='bbox 527 1272 747 1291; x_wconf 84' lang='lat' dir='ltr'><strong>consonam.«</strong></span> <span class='ocrx_word' id='word_1_139' title='bbox 798 1259 880 1290; x_wconf 81' lang='lat' dir='ltr'><strong>Inde</strong></span> <span class='ocrx_word' id='word_1_140' title='bbox 905 1267 994 1290; x_wconf 86' lang='lat' dir='ltr'><strong>tauta</strong></span> <span class='ocrx_word' id='word_1_141' title='bbox 1021 1271 1174 1292; x_wconf 86' lang='lat' dir='ltr'><strong>errorum</strong></span> 
     </span>
     <span class='ocr_line' id='line_1_21' title="bbox 42 1320 1174 1366; baseline 0.004 -16"><span class='ocrx_word' id='word_1_142' title='bbox 42 1331 132 1361; x_wconf 76' lang='lat' dir='ltr'><strong>seges</strong></span> <span class='ocrx_word' id='word_1_143' title='bbox 156 1320 266 1353; x_wconf 79' lang='lat' dir='ltr'><strong>bonae</strong></span> <span class='ocrx_word' id='word_1_144' title='bbox 290 1321 378 1362; x_wconf 80' lang='lat' dir='ltr'><strong>frugi</strong></span> <span class='ocrx_word' id='word_1_145' title='bbox 409 1321 588 1356; x_wconf 83' lang='lat' dir='ltr'><strong>succrevit,</strong></span> <span class='ocrx_word' id='word_1_146' title='bbox 634 1322 682 1353; x_wconf 75' lang='lat' dir='ltr'><strong>Ex</strong></span> <span class='ocrx_word' id='word_1_147' title='bbox 720 1321 768 1352; x_wconf 80' lang='lat' dir='ltr'><strong>his</strong></span> <span class='ocrx_word' id='word_1_148' title='bbox 804 1321 881 1351; x_wconf 83' lang='lat' dir='ltr'><strong>satis</strong></span> <span class='ocrx_word' id='word_1_149' title='bbox 914 1320 1037 1364; x_wconf 82' lang='lat' dir='ltr'><strong>liquet,</strong></span> <span class='ocrx_word' id='word_1_150' title='bbox 1076 1334 1174 1366; x_wconf 86' lang='lat' dir='ltr'><strong>quam</strong></span> 
     </span>
     <span class='ocr_line' id='line_1_22' title="bbox 42 1381 1176 1427; baseline 0.004 -15"><span class='ocrx_word' id='word_1_151' title='bbox 42 1381 155 1414; x_wconf 85' lang='lat' dir='ltr'><strong>inanes</strong></span> <span class='ocrx_word' id='word_1_152' title='bbox 185 1382 252 1414; x_wconf 87' lang='lat' dir='ltr'><strong>sint</strong></span> <span class='ocrx_word' id='word_1_153' title='bbox 283 1382 397 1415; x_wconf 77' lang='lat' dir='ltr'><strong>Rufini</strong></span> <span class='ocrx_word' id='word_1_154' title='bbox 433 1392 590 1420; x_wconf 83' lang='lat' dir='ltr'><strong>conatus,</strong></span> <span class='ocrx_word' id='word_1_155' title='bbox 627 1395 701 1413; x_wconf 84' lang='lat' dir='ltr'><strong>cum</strong></span> <span class='ocrx_word' id='word_1_156' title='bbox 735 1381 902 1426; x_wconf 85' lang='lat' dir='ltr'><strong>quidquid</strong></span> <span class='ocrx_word' id='word_1_157' title='bbox 933 1382 1054 1414; x_wconf 86' lang='lat' dir='ltr'><strong>salsum</strong></span> <span class='ocrx_word' id='word_1_158' title='bbox 1085 1385 1176 1427; x_wconf 81' lang='lat' dir='ltr'><strong>apud</strong></span> 
     </span>
     <span class='ocr_line' id='line_1_23' title="bbox 43 1443 1176 1488; baseline 0.002 -12"><span class='ocrx_word' id='word_1_159' title='bbox 43 1443 226 1485; x_wconf 82' lang='lat' dir='ltr'><strong>Origencm</strong></span> <span class='ocrx_word' id='word_1_160' title='bbox 259 1446 424 1484; x_wconf 88' lang='lat' dir='ltr'><strong>occurrit,</strong></span> <span class='ocrx_word' id='word_1_161' title='bbox 463 1457 526 1488; x_wconf 86' lang='lat' dir='ltr'><strong>pro</strong></span> <span class='ocrx_word' id='word_1_162' title='bbox 565 1444 680 1488; x_wconf 85' lang='lat' dir='ltr'><strong>spurio</strong></span> <span class='ocrx_word' id='word_1_163' title='bbox 714 1452 746 1475; x_wconf 85' lang='lat' dir='ltr'><strong>ct</strong></span> <span class='ocrx_word' id='word_1_164' title='bbox 770 1444 810 1475; x_wconf 77' lang='lat' dir='ltr'><strong>ab</strong></span> <span class='ocrx_word' id='word_1_165' title='bbox 836 1443 1022 1476; x_wconf 75' lang='lat' dir='ltr'><strong>Haereticis</strong></span> <span class='ocrx_word' id='word_1_166' title='bbox 1045 1444 1176 1478; x_wconf 87' lang='lat' dir='ltr'><strong>intruso</strong></span> 
     </span>
     <span class='ocr_line' id='line_1_24' title="bbox 44 1504 1175 1551; baseline 0.002 -14"><span class='ocrx_word' id='word_1_167' title='bbox 44 1506 157 1538; x_wconf 80' lang='lat' dir='ltr'><strong>haberi</strong></span> <span class='ocrx_word' id='word_1_168' title='bbox 181 1506 293 1551; x_wconf 79' lang='lat' dir='ltr'><strong>jubet3</strong></span> <span class='ocrx_word' id='word_1_169' title='bbox 325 1519 402 1538; x_wconf 79' lang='lat' dir='ltr'><strong>nam</strong></span> <span class='ocrx_word' id='word_1_170' title='bbox 419 1506 448 1550; x_wconf 89' lang='lat'><strong>¹)</strong></span> <span class='ocrx_word' id='word_1_171' title='bbox 473 1507 580 1538; x_wconf 86' lang='lat' dir='ltr'><strong>multa</strong></span> <span class='ocrx_word' id='word_1_172' title='bbox 605 1506 741 1550; x_wconf 87' lang='lat' dir='ltr'><strong>quidem</strong></span> <span class='ocrx_word' id='word_1_173' title='bbox 767 1504 907 1546; x_wconf 78' lang='lat' dir='ltr'><strong>Origeni</strong></span> <span class='ocrx_word' id='word_1_174' title='bbox 937 1505 1049 1537; x_wconf 81' lang='lat' dir='ltr'><strong>afficta</strong></span> <span class='ocrx_word' id='word_1_175' title='bbox 1073 1506 1175 1539; x_wconf 83' lang='lat' dir='ltr'><strong>fuisse</strong></span> 
     </span>
     <span class='ocr_line' id='line_1_25' title="bbox 44 1567 1174 1612; baseline 0.002 -13"><span class='ocrx_word' id='word_1_176' title='bbox 44 1580 160 1600; x_wconf 78' lang='lat' dir='ltr'><strong>verum</strong></span> <span class='ocrx_word' id='word_1_177' title='bbox 185 1576 244 1608; x_wconf 86' lang='lat' dir='ltr'><strong>est,</strong></span> <span class='ocrx_word' id='word_1_178' title='bbox 268 1568 327 1600; x_wconf 87' lang='lat' dir='ltr'><strong>sed</strong></span> <span class='ocrx_word' id='word_1_179' title='bbox 351 1569 450 1612; x_wconf 81' lang='lat' dir='ltr'><strong>plura</strong></span> <span class='ocrx_word' id='word_1_180' title='bbox 474 1578 604 1608; x_wconf 80' lang='lat' dir='ltr'><strong>tamen,</strong></span> <span class='ocrx_word' id='word_1_181' title='bbox 636 1581 740 1612; x_wconf 85' lang='lat' dir='ltr'><strong>eaque</strong></span> <span class='ocrx_word' id='word_1_182' title='bbox 764 1567 863 1599; x_wconf 76' lang='lat' dir='ltr'><strong>noxia</strong></span> <span class='ocrx_word' id='word_1_183' title='bbox 892 1575 924 1598; x_wconf 81' lang='lat' dir='ltr'><strong>et</strong></span> <span class='ocrx_word' id='word_1_184' title='bbox 949 1567 1108 1600; x_wconf 83' lang='lat' dir='ltr'><strong>damnosa</strong></span> <span class='ocrx_word' id='word_1_185' title='bbox 1132 1570 1174 1601; x_wconf 80' lang='lat' dir='ltr'><strong>ab</strong></span> 
     </span>
     <span class='ocr_line' id='line_1_26' title="bbox 42 1628 985 1674; baseline -0.003 -12"><span class='ocrx_word' id='word_1_186' title='bbox 42 1630 103 1662; x_wconf 88' lang='lat' dir='ltr'><strong>illo</strong></span> <span class='ocrx_word' id='word_1_187' title='bbox 127 1630 282 1674; x_wconf 83' lang='lat' dir='ltr'><strong>prosecta</strong></span> <span class='ocrx_word' id='word_1_188' title='bbox 305 1643 385 1669; x_wconf 85' lang='lat' dir='ltr'><strong>esse,</strong></span> <span class='ocrx_word' id='word_1_189' title='bbox 415 1631 595 1663; x_wconf 87' lang='lat' dir='ltr'><strong>candidum</strong></span> <span class='ocrx_word' id='word_1_190' title='bbox 620 1630 729 1661; x_wconf 79' lang='lat' dir='ltr'><strong>virum</strong></span> <span class='ocrx_word' id='word_1_191' title='bbox 755 1628 854 1661; x_wconf 85' lang='lat' dir='ltr'><strong>fateri</strong></span> <span class='ocrx_word' id='word_1_192' title='bbox 879 1629 985 1660; x_wconf 83' lang='lat' dir='ltr'><strong>decet.</strong></span> 
     </span>
    </p>

    <p class='ocr_par' dir='ltr' id='par_1_3' title="bbox 42 1681 1175 2045">
     <span class='ocr_line' id='line_1_27' title="bbox 131 1681 1175 1736; baseline 0 -12"><span class='ocrx_word' id='word_1_193' title='bbox 131 1681 260 1724; x_wconf 79' lang='lat' dir='ltr'><strong>XVIll.</strong></span> <span class='ocrx_word' id='word_1_194' title='bbox 306 1692 406 1724; x_wconf 68' lang='lat' dir='ltr'><strong>Nunc</strong></span> <span class='ocrx_word' id='word_1_195' title='bbox 431 1693 660 1736; x_wconf 82' lang='lat' dir='ltr'><strong>quaerendum</strong></span> <span class='ocrx_word' id='word_1_196' title='bbox 685 1699 847 1735; x_wconf 76' lang='lat' dir='ltr'><strong>superest,</strong></span> <span class='ocrx_word' id='word_1_197' title='bbox 872 1702 940 1733; x_wconf 90' lang='lat' dir='ltr'><strong>quo</strong></span> <span class='ocrx_word' id='word_1_198' title='bbox 957 1702 1101 1722; x_wconf 89' lang='lat' dir='ltr'><strong>numero</strong></span> <span class='ocrx_word' id='word_1_199' title='bbox 1113 1692 1175 1724; x_wconf 66' lang='lat' dir='ltr'><strong>&#39;ha-</strong></span> 
     </span>
     <span class='ocr_line' id='line_1_28' title="bbox 43 1750 1173 1798; baseline -0.001 -12"><span class='ocrx_word' id='word_1_200' title='bbox 43 1753 145 1786; x_wconf 85' lang='lat' dir='ltr'><strong>bendi</strong></span> <span class='ocrx_word' id='word_1_201' title='bbox 168 1753 234 1786; x_wconf 86' lang='lat' dir='ltr'><strong>sint</strong></span> <span class='ocrx_word' id='word_1_202' title='bbox 258 1753 336 1786; x_wconf 88' lang='lat' dir='ltr'><strong>libri</strong></span> <span class='ocrx_word' id='word_1_203' title='bbox 367 1753 539 1796; x_wconf 85' lang='lat' dir='ltr'><strong>Origenis,</strong></span> <span class='ocrx_word' id='word_1_204' title='bbox 569 1754 710 1798; x_wconf 83' lang='lat' dir='ltr'><strong>ipseque</strong></span> <span class='ocrx_word' id='word_1_205' title='bbox 743 1753 829 1784; x_wconf 81' lang='lat' dir='ltr'><strong>adeo</strong></span> <span class='ocrx_word' id='word_1_206' title='bbox 855 1750 1035 1792; x_wconf 85' lang='lat' dir='ltr'><strong>Origenes:</strong></span> <span class='ocrx_word' id='word_1_207' title='bbox 1059 1762 1173 1787; x_wconf 80' lang='lat' dir='ltr'><strong>utrum</strong></span> 
     </span>
     <span class='ocr_line' id='line_1_29' title="bbox 42 1809 1174 1857; baseline 0.001 -10"><span class='ocrx_word' id='word_1_208' title='bbox 42 1816 96 1848; x_wconf 84' lang='lat' dir='ltr'><strong>hic</strong></span> <span class='ocrx_word' id='word_1_209' title='bbox 118 1816 207 1848; x_wconf 82' lang='lat' dir='ltr'><strong>inter</strong></span> <span class='ocrx_word' id='word_1_210' title='bbox 237 1815 453 1856; x_wconf 80' lang='lat' dir='ltr'><strong>Haereticos,</strong></span> <span class='ocrx_word' id='word_1_211' title='bbox 488 1816 542 1848; x_wconf 90' lang='lat' dir='ltr'><strong>illi</strong></span> <span class='ocrx_word' id='word_1_212' title='bbox 575 1817 664 1849; x_wconf 89' lang='lat' dir='ltr'><strong>inter</strong></span> <span class='ocrx_word' id='word_1_213' title='bbox 699 1816 870 1847; x_wconf 83' lang='lat' dir='ltr'><strong>damnatas</strong></span> <span class='ocrx_word' id='word_1_214' title='bbox 902 1824 940 1845; x_wconf 78' lang='lat' dir='ltr'><strong>ac</strong></span> <span class='ocrx_word' id='word_1_215' title='bbox 977 1809 1174 1857; x_wconf 72' lang='lat' dir='ltr'><strong>reprobatas</strong></span> 
     </span>
     <span class='ocr_line' id='line_1_30' title="bbox 43 1874 1173 1922; baseline -0.004 -11"><span class='ocrx_word' id='word_1_216' title='bbox 43 1877 242 1921; x_wconf 82' lang='lat' dir='ltr'><strong>scriptiones</strong></span> <span class='ocrx_word' id='word_1_217' title='bbox 266 1877 417 1921; x_wconf 85' lang='lat' dir='ltr'><strong>ponendi</strong></span> <span class='ocrx_word' id='word_1_218' title='bbox 442 1878 517 1913; x_wconf 83' lang='lat' dir='ltr'><strong>sint.</strong></span> <span class='ocrx_word' id='word_1_219' title='bbox 565 1878 670 1922; x_wconf 86' lang='lat' dir='ltr'><strong>Quod</strong></span> <span class='ocrx_word' id='word_1_220' title='bbox 704 1876 767 1909; x_wconf 81' lang='lat' dir='ltr'><strong>erit</strong></span> <span class='ocrx_word' id='word_1_221' title='bbox 799 1874 916 1919; x_wconf 82' lang='lat' dir='ltr'><strong>capitis</strong></span> <span class='ocrx_word' id='word_1_222' title='bbox 950 1874 1048 1920; x_wconf 80' lang='lat' dir='ltr'><strong>hujus</strong></span> <span class='ocrx_word' id='word_1_223' title='bbox 1080 1877 1173 1910; x_wconf 76' lang='lat' dir='ltr'><strong>velut</strong></span> 
     </span>
     <span class='ocr_line' id='line_1_31' title="bbox 45 1936 1172 1985; baseline -0.001 -14"><span class='ocrx_word' id='word_1_224' title='bbox 45 1939 275 1973; x_wconf 79' lang='lat' dir='ltr'><strong>corollarium.</strong></span> <span class='ocrx_word' id='word_1_225' title='bbox 327 1939 550 1984; x_wconf 86' lang='lat' dir='ltr'><strong>Disputemus</strong></span> <span class='ocrx_word' id='word_1_226' title='bbox 579 1940 729 1985; x_wconf 86' lang='lat' dir='ltr'><strong>primum</strong></span> <span class='ocrx_word' id='word_1_227' title='bbox 761 1939 802 1970; x_wconf 88' lang='lat' dir='ltr'><strong>de</strong></span> <span class='ocrx_word' id='word_1_228' title='bbox 835 1936 939 1968; x_wconf 77' lang='lat' dir='ltr'><strong>libris.</strong></span> <span class='ocrx_word' id='word_1_229' title='bbox 997 1937 1032 1968; x_wconf 87' lang='lat' dir='ltr'><strong>ln</strong></span> <span class='ocrx_word' id='word_1_230' title='bbox 1063 1938 1172 1972; x_wconf 75' lang='lat' dir='ltr'><strong>varios</strong></span> 
     </span>
     <span class='ocr_line' id='line_1_32' title="bbox 44 1998 1172 2045; baseline -0.001 -11"><span class='ocrx_word' id='word_1_231' title='bbox 44 2001 223 2042; x_wconf 73' lang='lat' dir='ltr'><strong>origenem</strong></span> <span class='ocrx_word' id='word_1_232' title='bbox 248 2000 425 2045; x_wconf 83' lang='lat' dir='ltr'><strong>impegisse</strong></span> <span class='ocrx_word' id='word_1_233' title='bbox 451 2015 597 2042; x_wconf 75' lang='lat' dir='ltr'><strong>errores,</strong></span> <span class='ocrx_word' id='word_1_234' title='bbox 627 2002 705 2034; x_wconf 87' lang='lat' dir='ltr'><strong>satis</strong></span> <span class='ocrx_word' id='word_1_235' title='bbox 731 2014 747 2032; x_wconf 86' lang='lat' dir='ltr'><strong>a</strong></span> <span class='ocrx_word' id='word_1_236' title='bbox 771 1998 869 2032; x_wconf 91' lang='lat' dir='ltr'><strong>nobis</strong></span> <span class='ocrx_word' id='word_1_237' title='bbox 897 1998 1087 2030; x_wconf 86' lang='lat' dir='ltr'><strong>confessum</strong></span> <span class='ocrx_word' id='word_1_238' title='bbox 1112 2009 1172 2033; x_wconf 83' lang='lat' dir='ltr'><strong>est.</strong></span> 
     </span>
    </p>
   </div>
   <div class='ocr_carea' id='block_1_3' title="bbox 45 2060 1173 2108">
    <p class='ocr_par' dir='ltr' id='par_1_4' title="bbox 45 2060 1173 2108">
     <span class='ocr_line' id='line_1_33' title="bbox 45 2060 1173 2108; baseline -0.002 -13"><span class='ocrx_word' id='word_1_239' title='bbox 45 2065 89 2095; x_wconf 78' lang='lat' dir='ltr'><strong>At</strong></span> <span class='ocrx_word' id='word_1_240' title='bbox 113 2062 262 2107; x_wconf 85' lang='lat' dir='ltr'><strong>quamvis</strong></span> <span class='ocrx_word' id='word_1_241' title='bbox 287 2075 344 2096; x_wconf 88' lang='lat' dir='ltr'><strong>eos</strong></span> <span class='ocrx_word' id='word_1_242' title='bbox 370 2063 529 2108; x_wconf 80' lang='lat' dir='ltr'><strong>operibus</strong></span> <span class='ocrx_word' id='word_1_243' title='bbox 553 2064 656 2108; x_wconf 86' lang='lat' dir='ltr'><strong>ipsius</strong></span> <span class='ocrx_word' id='word_1_244' title='bbox 688 2062 823 2095; x_wconf 86' lang='lat' dir='ltr'><strong>aliunde</strong></span> <span class='ocrx_word' id='word_1_245' title='bbox 854 2069 983 2092; x_wconf 79' lang='lat' dir='ltr'><strong>assutos</strong></span> <span class='ocrx_word' id='word_1_246' title='bbox 1007 2060 1173 2102; x_wconf 82' lang='lat' dir='ltr'><strong>daremus,</strong></span> 
     </span>
    </p>
   </div>
   <div class='ocr_carea' id='block_1_4' title="bbox 43 2189 1170 2279">
    <p class='ocr_par' dir='ltr' id='par_1_5' title="bbox 43 2189 1170 2279">
     <span class='ocr_line' id='line_1_34' title="bbox 139 2189 1170 2235; baseline -0.001 -12"><span class='ocrx_word' id='word_1_247' title='bbox 139 2192 169 2234; x_wconf 88' lang='lat'><strong>¹)</strong></span> <span class='ocrx_word' id='word_1_248' title='bbox 196 2191 285 2224; x_wconf 88' lang='lat' dir='ltr'><strong>Vide</strong></span> <span class='ocrx_word' id='word_1_249' title='bbox 307 2191 560 2225; x_wconf 78' lang='lat' dir='ltr'><strong>praefationem</strong></span> <span class='ocrx_word' id='word_1_250' title='bbox 584 2193 687 2225; x_wconf 85' lang='lat' dir='ltr'><strong>Tomi</strong></span> <span class='ocrx_word' id='word_1_251' title='bbox 712 2192 737 2224; x_wconf 93' lang='lat' dir='ltr'><strong>I.</strong></span> <span class='ocrx_word' id='word_1_252' title='bbox 771 2203 843 2235; x_wconf 82' lang='lat' dir='ltr'><strong>pag.</strong></span> <span class='ocrx_word' id='word_1_253' title='bbox 869 2189 899 2222; x_wconf 66' lang='lat'><strong>¹2⁴</strong></span> <span class='ocrx_word' id='word_1_254' title='bbox 935 2198 968 2221; x_wconf 84' lang='lat' dir='ltr'><strong>et</strong></span> <span class='ocrx_word' id='word_1_255' title='bbox 999 2189 1029 2223; x_wconf 79' lang='lat'><strong>3.</strong></span> <span class='ocrx_word' id='word_1_256' title='bbox 1062 2190 1105 2222; x_wconf 85' lang='lat' dir='ltr'><strong>R.&#39;</strong></span> <span class='ocrx_word' id='word_1_257' title='bbox 1128 2205 1170 2216; x_wconf 57' lang='lat'><em>-‘—-</em></span> 
     </span>
     <span class='ocr_line' id='line_1_35' title="bbox 43 2234 1114 2279; baseline -0.005 -8"><span class='ocrx_word' id='word_1_258' title='bbox 43 2236 114 2272; x_wconf 86' lang='lat' dir='ltr'><strong>Cfr.</strong></span> <span class='ocrx_word' id='word_1_259' title='bbox 138 2236 386 2279; x_wconf 77' lang='lat' dir='ltr'><strong>Protegomena</strong></span> <span class='ocrx_word' id='word_1_260' title='bbox 411 2239 463 2271; x_wconf 86' lang='lat' dir='ltr'><strong>ed.</strong></span> <span class='ocrx_word' id='word_1_261' title='bbox 489 2247 592 2271; x_wconf 80' lang='lat' dir='ltr'><strong>nostr.</strong></span> <span class='ocrx_word' id='word_1_262' title='bbox 613 2238 713 2270; x_wconf 86' lang='lat' dir='ltr'><strong>Tom.</strong></span> <span class='ocrx_word' id='word_1_263' title='bbox 737 2237 863 2269; x_wconf 72' lang='lat' dir='ltr'>XXIV.</span> <span class='ocrx_word' id='word_1_264' title='bbox 889 2234 1114 2279; x_wconf 75' lang='lat' dir='ltr'><strong>praefigenda.</strong></span> 
     </span>
    </p>
   </div>
   <div class='ocr_carea' id='block_1_5' title="bbox 832 2297 907 2331">
    <p class='ocr_par' dir='ltr' id='par_1_6' title="bbox 832 2297 907 2331">
     <span class='ocr_line' id='line_1_36' title="bbox 832 2297 907 2331; baseline -0.013 0"><span class='ocrx_word' id='word_1_265' title='bbox 832 2297 907 2331; x_wconf 52' lang='lat' dir='ltr'><strong>2t÷</strong></span> 
     </span>
    </p>
   </div>
  </div>
 </body>
</html>
