1403 2492
380 72 692 109 Crustumerium
717 72 831 108 Lmen
855 71 896 107 11.
1136 72 1200 110 153

64 165 182 210 Itaque
207 162 342 210 subjicit
361 162 525 206 Origenes
549 175 639 196 num.
659 161 713 197 37.
758 161 962 207 Ἐχέτωστιν
977 161 1009 207 ¹)
1033 162 1104 208 μὲν
1128 162 1201 210 γὰρ

63 225 125 261 διὰ
150 223 217 269 viv
238 223 456 271 μετάνοιαν,
495 226 556 259 καὶ
588 223 626 260 τὸ
661 222 1011 269 καταλαμβάνεσθαι
1044 224 1085 259 ἐν
1109 225 1198 262 ἔπε-

64 289 284 334 σιραμμένῳ
306 290 391 331 βίῳ,
426 288 611 331 κρείττονα
643 287 715 320 τῶν
747 287 1134 332 καταλαμβανομένων
1158 288 1198 322 ἐν

63 353 139 389 ταῖς
161 348 366 394 ἁμαρτίαις,
393 347 435 382 οὐ
459 346 534 392 μὴν
552 345 623 393 χρὴ
650 345 929 391 ὑπολαμβάνειν
953 349 1037 392 περὶ
1061 347 1194 393 αὐτῶν,

63 410 115 447 ὅτι
140 409 266 456 ὅμοιοί
287 412 354 446 εἰσι
378 413 451 448 τοῖς
474 407 571 454 παρὰ
601 411 705 444 τοῦτο
733 407 981 454 ἡμαρτηκόσιν
995 409 1034 444 ἐν
1051 412 1091 458 τῇ
1110 408 1194 446 νεό-

60 487 147 519 τητι,
171 471 273 519 παρὰ
296 470 336 507 τὸ
359 471 453 518 μηδὲ
477 469 541 514 τὴν
565 470 683 516 ἀρχήν
706 469 748 505 τὰ
774 472 835 514 τῆς
850 474 1004 509 πίστεως
1020 476 1195 517 μεμαθη-

60 539 170 571 κέναι.
225 533 414 568 Plurimum
447 545 525 575 ergo
564 532 644 565 haec
675 532 763 565 inter
795 531 951 574 Origenis
984 531 1122 573 deliria,
1157 547 1194 567 ac

58 595 230 631 Joviniani
257 595 407 629 haeresin
433 594 588 633 interest.
622 593 679 638 qui
711 593 850 627 virtutes
883 607 920 627 ac
952 602 1090 639 peccata
1123 607 1192 629 esse

59 658 219 704 aequalia,
244 671 281 690 ac
304 657 478 702 aequalem
504 655 648 701 proinde
673 656 865 689 mercedem
891 664 923 689 et
947 668 1094 701 poenam
1119 657 1193 690 fore

58 720 290 759 arbitrabatur,
314 717 450 752 Stoicos
474 725 618 756 secutus,
642 716 699 762 qui
727 717 797 750 »de
830 716 999 762 parilitate
1032 727 1192 764 peccato—

54 796 141 823 rum,
165 790 202 815 ut
234 781 280 814 ait
304 780 507 823 Augustinus
540 779 635 824 epist.
661 778 714 814 29.
747 779 789 812 ad
822 779 1092 825 Hieronymum,
1126 781 1192 814 soli

54 844 125 877 ausi
156 852 232 877 sunt
267 842 437 888 disputare
476 850 592 874 contra
625 853 761 874 omnem
797 854 932 875 sensum
970 843 1098 885 generis
1129 843 1192 876 hu-

53 906 152 940 mani.
163 921 181 937 «

143 967 203 1001 XI.
251 965 405 1000 Emensis
430 964 498 998 illis
523 978 560 998 ac
585 965 766 1011 peragratis
791 964 921 1012 spatiis,
954 979 1040 1012 quae
1065 967 1189 1001 animas

53 1028 217 1075 purgandi
244 1041 339 1062 causa
364 1028 543 1061 decurrere
566 1028 661 1060 finxit
687 1028 868 1071 Origenes,
902 1041 969 1074 quo
1004 1041 1057 1063 eas
1081 1030 1189 1063 subsi—

52 1101 139 1125 stere
163 1091 242 1124 loco
266 1103 304 1123 ac
329 1089 566 1135 conquiescere
599 1099 688 1123 ratus
713 1090 773 1130 sit,
804 1090 989 1123 videndum
1020 1100 1079 1124 est.
1119 1093 1190 1125 No-

55 1166 133 1186 vum
158 1151 295 1198 quidem
321 1152 465 1191 coelum,
490 1164 526 1184 ac
555 1161 677 1184 terram
700 1165 823 1185 novam
847 1152 1004 1185 felicitati
1027 1162 1059 1186 et
1083 1153 1190 1199 quieti

52 1224 132 1262 post.
154 1215 238 1248 hane
261 1213 362 1247 vitam
388 1213 527 1258 deputat
551 1212 611 1246 lib.
636 1214 660 1246 I.
686 1216 769 1260 περὶ
794 1214 918 1260 ἀρχῶν
942 1228 1014 1260 cap.
1040 1214 1071 1249 6.
1095 1228 1187 1250 num.

53 1277 98 1318 2.,
121 1286 264 1323 propter
286 1275 372 1308 illud
398 1275 500 1309 isaiae
526 1275 627 1315 LXV,
644 1275 694 1310 17.
746 1276 878 1309 »»Ecce
904 1277 994 1310 enim
1020 1290 1081 1320 ego
1108 1291 1186 1311 creo

53 1339 168 1372 coelos
192 1351 310 1379 novos,
335 1347 368 1370 et
391 1346 514 1370 terrain
539 1350 681 1377 novam,
720 1347 753 1371 et
782 1351 852 1372 non
877 1349 974 1372 erunt
997 1340 1032 1373 in
1056 1353 1187 1373 memo-

50 1402 99 1434 ria
122 1401 247 1452 priora,
271 1409 305 1433 et
327 1412 395 1432 non
419 1399 624 1432 adscendent
647 1412 748 1444 super
772 1413 898 1434 cor:«‹<
936 1403 1028 1447 quod
1052 1416 1187 1449 reprae-

50 1471 199 1496 sentatur
228 1463 260 1496 Π
292 1462 381 1495 Petr.
407 1461 474 1501 Ill,
508 1460 559 1496 13.
594 1470 626 1494 et
657 1462 800 1507 Apocal.
825 1463 928 1505 XXI,
955 1466 984 1502 1.
1040 1465 1186 1511 Propter

50 1526 137 1559 illud
160 1533 272 1558 autem
295 1523 392 1557 Pauli
419 1523 527 1557 lCor.
541 1524 617 1563 Vll,
634 1523 688 1559 31.
739 1539 778 1556 »n
788 1524 954 1559 Praeterit
973 1526 1062 1560 enim
1080 1527 1185 1570 figura

50 1586 146 1634 hujus
169 1586 350 1620 mund'm«
378 1595 411 1619 et
434 1585 522 1619 istud
548 1585 687 1620 Davidis
711 1586 835 1622 Psalm.
854 1587 927 1629 Cll,
946 1588 1002 1625 26.
1040 1590 1183 1625 »nCoeli

49 1649 219 1696 peribunt,
241 1658 278 1682 tu
303 1657 413 1681 autem
436 1661 623 1693 permanes,
651 1658 684 1682 et
708 1661 824 1684 omnes
845 1650 932 1684 sicut
945 1651 1182 1688 vestimentum

49 1719 322 1746 veterascentmu
350 1719 383 1743 ct
406 1710 472 1742 hoc
497 1710 637 1743 sortasse
661 1711 764 1745 Isaiae
786 1712 841 1753 LI,
858 1712 888 1747 6.
928 1714 1072 1748 »υιΟουΙί
1096 1716 1183 1749 sicui,

50 1776 160 1808 fumus
185 1773 382 1818 liquescent,
407 1780 439 1804 et
462 1781 551 1804 terra
575 1771 662 1805 sicut
688 1773 927 1808 vestimentum
951 1785 1181 1811 atte1·etur:««

53 1845 187 1870 eatenus
212 1848 339 1868 novum
364 1834 499 1867 coelum
526 1843 559 1866 et
581 1847 704 1867 novam
729 1844 852 1870 terram
876 1846 1025 1871 creatum
1055 1839 1095 1873 iri
1119 1841 1181 1874 do-

53 1908 117 1939 cet,
141 1906 302 1943 quatenus
327 1896 361 1930 in
384 1897 450 1930 fine
474 1909 586 1929 rerum
611 1897 801 1932 destruetur
824 1898 886 1932 iste
910 1901 1066 1941 mundus,
1091 1911 1123 1935 et
1146 1903 1181 1936 in

51 1973 174 1995 novam
198 1969 332 1999 terram,
357 1972 394 1992 ac
416 1971 543 1992 novum
577 1960 711 1992 coelum
743 1962 961 2007 reparabitur.
1019 1965 1181 1998 »Innova-

50 2024 112 2064 tio,
136 2021 245 2066 inquit
268 2021 350 2054 ibid.
373 2035 463 2054 num.
489 2022 518 2055 -ἰ
533 2048 541 2061 ,
570 2022 658 2055 coeli
683 2032 715 2055 et
739 2032 863 2065 terrae,
889 2036 921 2059 et
945 2027 1177 2060 transmutatio

50 2085 180 2119 habitus
193 2085 228 2129 ²)
251 2083 348 2130 hujus
372 2083 505 2123 mundi,
536 2093 568 2116 et
592 2084 782 2118 immutatio
817 2089 992 2123 coelorum
1028 2089 1078 2125 his
1109 2089 1179 2123 sine

149 2215 180 2257 ¹)
206 2215 275 2248 Csr.
302 2213 354 2246 ed.
379 2222 481 2246 nostr.
508 2214 607 2247 Tom.
633 2215 695 2247 ΠΙ.
720 2229 792 2260 pag.
818 2216 892 2253 404.

144 2272 178 2318 ²)
204 2271 307 2306 Deest
336 2269 506 2304 »habitus«
535 2271 567 2305 in
594 2271 669 2306 edd.
696 2271 738 2306 H.
