1403 2492
161 85 227 120 154
494 86 606 120 Pium
630 86 804 120 Dmuzms
828 87 960 121 Hos-ru

160 190 212 210 ras
236 176 415 209 arbitratus
438 175 501 217 sit;
527 176 608 221 quid
624 176 735 218 ignem
753 186 937 212 aeternum.
975 178 1033 212 Vl.
1057 178 1300 226 Eequas,prae-

160 249 212 272 ter
235 240 345 281 ignem
372 250 498 282 poenas
522 239 666 272 mortuis
692 239 888 282 infligendas
913 241 1114 274 decreverit.
1152 242 1226 276 Vll.
1250 242 1299 277 Ex

159 302 209 334 his
233 302 342 334 variat:
367 301 525 333 adversus
550 313 626 333 eum
656 301 918 335 criminationes.
966 302 1057 336 Vlll.
1082 303 1152 337 Sed
1178 303 1230 336 sui
1247 312 1302 340 sta-

158 377 236 396 men
262 363 291 396 ei
317 376 386 395 non
412 363 534 396 desunt
562 363 840 407 adstipulatores,
876 377 1002 409 suaque
1027 365 1192 399 defensio.
1240 367 1301 398 lx.

159 426 212 459 De
237 425 397 470 praemiis
421 425 546 467 agitur,
578 435 610 458 et
641 425 674 457 in
705 438 772 469 quo
805 426 952 470 positam
977 436 1170 463 sanctorum
1195 427 1303 461 beati-

157 497 260 521 tatem
286 487 437 521 voluerit
460 487 637 530 Origenes,
663 487 862 532 explicatur.
920 489 966 522 X.
990 489 1223 523 Recensentur
1247 502 1304 523 va-

157 551 199 583 rii
224 550 360 592 gradus,
398 562 461 594 per
495 563 580 595 quos
610 550 652 582 ad
685 562 758 582 eam
794 550 966 594 perveniri
995 540 1110 585 sensit.
1157 552 1221 586 XI.
1245 552 1300 585 De

157 613 248 652 loco,
273 625 340 656 quo
366 611 491 645 animas
515 622 706 645 sanctorum
740 613 980 658 conquiescere
1012 613 1150 653 docuit,
1186 613 1301 658 dispu-

155 684 262 708 tatur:
293 688 416 719 nempe
448 675 490 706 de
515 675 614 706 coelo
638 687 749 714 novo,
781 683 814 707 et
837 684 926 708 terra
949 688 1055 716 nova;
1089 675 1169 709 XII.
1193 688 1232 708 ac
1257 676 1300 708 de

157 737 331 769 paradiso.
379 736 476 770 Xlll.
505 736 605 769 Unde
630 736 711 769 haec
736 737 954 777 transtulerit,
979 736 1176 782 exquiritur.
1205 737 1298 770 XIV.

154 800 244 833 Hinc
269 799 301 832 in
325 798 465 831 Patrum
490 799 680 832 multorum
705 799 986 844 reprehensiones
1021 799 1175 832 incurrit.
1221 799 1299 832 XV.

155 863 224 896 Sed
249 861 362 906 aliqua
396 870 510 894 tamen
543 861 579 894 in
617 861 688 906 ejus
720 860 970 895 excusationem
1001 861 1116 894 afferri
1146 870 1298 906 possunt.

154 924 244 956 XV1.
272 923 394 956 Utrum
421 932 455 955 et
477 924 655 967 quomodo
687 924 808 968 poenis
840 925 1077 957 damnatorum
1109 923 1211 956 finem
1237 923 1299 956 im-

154 987 304 1032 positum
327 985 379 1025 iri,
405 995 438 1018 et
463 986 577 1018 omnia
600 998 706 1018 unum
740 986 774 1018 in
799 986 876 1019 Deo
905 999 968 1030 per
1000 984 1300 1020 ἀποκατάστασιν

154 1052 267 1082 sutura
291 1057 382 1081 ratus
405 1048 458 1081 sit.
506 1048 616 1081 XVll.
643 1049 721 1081 Non
747 1048 828 1081 alias
859 1061 986 1093 poenas
1017 1061 1117 1093 quam
1140 1057 1300 1092 purgato·

153 1112 218 1144 rias
241 1109 386 1143 admisit.
433 1110 561 1142 XVIII.
595 1109 690 1152 Quid
720 1110 782 1151 sit,
822 1109 913 1155 juxta
943 1110 1147 1152 origenem,
1185 1110 1298 1142 novis-

153 1174 236 1207 sima
253 1173 283 1217 ¹)
308 1171 446 1205 inimica
469 1183 581 1210 mom,
605 1171 716 1216 deque
741 1171 947 1204 daemonum
970 1171 1090 1217 poenis
1113 1172 1297 1217 quaeritur.

153 1237 249 1270 XIX.
274 1235 399 1268 Utrum
433 1232 603 1266 beatitatis
633 1246 770 1278 quoque
802 1234 937 1266 suturae
967 1234 1113 1278 spatium
1144 1234 1298 1268 terminis

156 1295 469 1345 circumscripserit.
516 1290 596 1328 XX.
621 1295 756 1328 Horum
789 1296 986 1338 dogmatum
1011 1296 1124 1330 sontes
1148 1309 1298 1330 reseran-

154 1370 217 1393 tur.
266 1359 361 1392 XXI.
387 1358 534 1402 Propter
567 1357 626 1390 illa
659 1371 678 1391 a
705 1358 864 1392 Patribus
896 1357 1044 1400 graviter
1073 1358 1297 1403 reprehensus

154 1432 212 1454 est.
260 1421 374 1454 XXss.
410 1421 464 1452 An
495 1419 598 1451 suerit
634 1419 666 1452 in
698 1420 828 1454 haeresi
862 1420 1114 1453 Chiliastarum.
1166 1421 1296 1454 XXIII.

154 1483 326 1517 Nonnulla
357 1480 498 1519 Origeni
531 1480 748 1514 defendendo
779 1483 1002 1515 adducuntur.
1050 1482 1176 1515 XXIV.
1203 1483 1298 1515 Non-

153 1558 325 1590 nunquam
358 1543 462 1576 solius
494 1542 622 1574 diaboli
661 1555 788 1586 poenas
824 1544 898 1575 fore
936 1553 1087 1576 aeternas
1120 1554 1295 1578 asseverat.

153 1608 260 1640 XXV.
286 1606 340 1640 Ab
365 1604 568 1647 origeniana
592 1616 694 1655 super
723 1605 843 1648 poenis
869 1605 1106 1638 damnatorum
1131 1606 1294 1650 opinione

152 1670 267 1702 Patres
299 1667 431 1711 aliquot
461 1679 531 1699 non
562 1666 708 1698 multum
739 1667 913 1699 recedunt.
960 1667 1089 1700 XXVI.
1113 1667 1296 1710 Investiga-

425 1736 482 1760 tur
505 1726 707 1770 significatio
732 1727 841 1768 vocis,
866 1725 1024 1766 αἰώνιος.

246 1820 270 1852 I.
317 1819 498 1852 Postremo
523 1818 591 1851 Dei
615 1818 756 1852 arbitrio
782 1817 974 1864 dijudicatis
990 1818 1167 1852 hominum
1183 1821 1294 1860 rebus,

152 1896 210 1916 sua
236 1894 405 1927 quemque
428 1881 590 1926 praemia,
614 1893 692 1914 suae
717 1893 847 1925 poenae
872 1892 1130 1925 prosequentur.
1173 1882 1210 1916 In
1238 1895 1294 1914 cu-

152 1945 203 1990 jus
230 1943 277 1976 rei
300 1943 500 1976 tractatione
525 1952 654 1976 tantum
680 1942 744 1975 sibi
769 1941 924 1987 permisit
949 1940 1133 1985 Origenes,
1165 1930 1205 1976 ut¹
1226 1957 1293 1976 non

152 2007 252 2040 aliam
279 2007 323 2038 ob
349 2018 480 2038 causam
506 2004 650 2052 majores
677 2003 710 2037 in
744 2017 779 2037 se
813 2004 965 2048 querelas
992 2003 1186 2046 concitarit;
1216 2019 1291 2038 nam

153 2079 186 2101 et
212 2068 325 2113 quales
349 2079 481 2113 poenae
506 2081 543 2100 ac
568 2065 735 2112 praemia,
768 2077 801 2099 et
827 2076 947 2111 quanta
972 2063 1191 2107 futura'sint,
1214 2081 1292 2112 per-

154 2130 328 2172 vestigans,
352 2129 386 2162 in
411 2129 569 2162 absurdas
595 2128 773 2174 opiniones
798 2129 976 2175 prolapsus
1003 2139 1070 2169 est,
1094 2130 1176 2163 dum
1200 2129 1291 2163 salsis

251 2298 280 2341 ¹)
309 2298 318 2328 1
347 2297 424 2331 Cor.
451 2297 524 2337 XV,
549 2297 601 2332 26.

275 2442 288 2451 e
