1403 2492
402 70 716 104 OmGENrANomJM
745 69 858 102 Lim-:R
885 69 928 103 ΙΙ.
1157 68 1221 104 331

89 170 121 192 et
146 161 289 194 correcti
317 172 466 192 errorem
491 172 589 191 suum
620 171 689 190 non
722 159 1004 200 condemnarent,
1042 158 1222 203 justissime

88 223 356 255 damnat-emuna
407 221 493 253 Cum
526 220 572 252 ait
603 233 682 262 ergo
714 220 920 253 Justinianus
955 220 988 252 in
1012 220 1139 253 Edicto
1164 222 1220 253 ad·

88 297 200 316 versus
226 283 287 316 tria
314 282 488 326 Capitula:
514 281 572 314 »Si
598 295 677 314 vero
705 282 841 326 quidam
868 282 1001 321 dicunt,
1026 295 1092 314 non
1121 295 1223 326 opor-

88 355 157 377 tere
182 345 404 389 Theodorum
429 353 507 388 post
532 353 678 375 mortem
710 343 1002 384 anathematizari,
1033 344 1138 376 sciant
1165 344 1221 388 qni

86 407 187 439 talem
211 406 430 439 Haereticum
456 405 661 443 defendunt,
695 406 794 451 quod»
812 405 922 437 omnis
948 405 1144 437 Haereticns
1169 419 1222 438 us—

87 480 152 512 que
177 468 219 500 ad
245 468 347 499 finem
372 466 461 499 vitae
489 466 522 498 in
547 479 608 498 suo
635 479 748 498 errore
778 480 995 510 permanens,
1028 466 1112 511 juste
1146 480 1223 510 per-

85 539 189 574 petuo
214 528 433 568 anathemati,
471 538 503 560 et
528 537 606 572 post
636 538 780 560 mortem
806 528 999 573 subjicitur:
1033 538 1066 560 et
1098 529 1162 560 hoc
1188 528 1221 560 in

86 590 201 623 multis
226 591 413 623 Haereticis
439 600 472 623 et
495 590 740 634 antiquioribus
773 599 806 622 et
842 590 1062 634 propioribus
1095 591 1220 622 factum

86 661 145 691 est,
172 652 205 684 id
233 663 280 685 est
305 653 502 691 Valentino,
528 652 694 692 Basilide,
720 651 914 691 Marcione,
940 651 1121 690 Cerintho,
1148 651 1221 684 Ma-

84 713 245 753 nichaeo‚
284 713 475 753 Eunomio,
513 723 545 745 et
576 714 734 746 Bonoso:
773 715 838 745 hoe
869 723 979 745 autem
1013 713 1103 744 idem
1130 722 1162 744 et
1187 713 1221 745 in

86 775 272 807 Theodoro
299 776 422 808 factum
451 785 510 815 est,
536 785 568 807 et
591 775 626 807 in
652 776 718 807 vita
737 785 904 814 accusato,
930 785 963 808 et
981 784 1058 819 post
1074 783 1221 807 mortem

85 836 362 869 anathematizato
389 850 406 869 a
441 837 562 869 sanctis
587 837 788 870 Patribusz«
833 836 972 868 minime
1007 836 1042 868 id
1075 836 1221 880 pertinet

84 899 126 930 ad
152 898 344 940 origenem.
393 901 477 931 Nam
511 898 571 930 etsi
604 898 638 930 in
670 911 800 930 errores
825 899 936 942 lapsus
961 897 1003 930 sit
1027 898 1221 942 aliquando,

84 961 125 992 ab
150 960 190 992 iis
216 969 338 1000 tamen,
363 970 543 1005 postquam
569 961 609 992 ab
636 961 776 992 ecclesia
801 961 906 992 semel
931 960 1044 991 forent
1062 959 1222 999 damnati,

86 1023 246 1054 recedere
270 1036 304 1054 se
329 1023 423 1054 nolle
449 1022 644 1066 neutiquam
669 1023 840 1065 professus
867 1031 932 1054 est:
966 1035 1061 1054 error
1091 1021 1155 1054 fuit
1186 1021 1220 1053 in

85 1084 279 1125 intellectu;
305 1084 507 1128 pertinaciae
535 1083 661 1115 crimen
686 1083 719 1115 in
745 1085 919 1115 voluntate
944 1096 1013 1115 non
1038 1083 1112 1115 suit.
1152 1084 1223 1115 De—

84 1146 233 1191 nique')
270 1158 363 1178 suam
396 1145 535 1186 Origeni
572 1146 696 1177 samam
735 1155 768 1177 et
806 1158 930 1177 nomen
967 1144 1045 1177 satis
1081 1145 1221 1177 asseruit

85 1208 154 1240 Leo
181 1208 242 1240 ΠΙ.
283 1207 439 1239 Pontifex
465 1206 645 1246 maximus,
679 1221 754 1239 cum
781 1207 868 1239 inter
892 1206 1069 1238 Lectiones
1095 1220 1133 1238 ex
1158 1206 1222 1238 Pa-

83 1279 172 1302 trum
199 1268 491 1301 lucubrationibus
518 1269 711 1312 decerptas,
737 1279 770 1301 et
794 1270 950 1301 Romano
976 1266 1114 1299 insertas
1139 1267 1221 1300 Bre-

85 1331 200 1370 viario,
224 1331 404 1363 nonnullas
431 1343 567 1374 quoquc
593 1343 630 1362 ex
657 1330 870 1372 origenianis
895 1329 989 1362 libris
1022 1330 1143 1374 petitas
1175 1329 1221 1361 ei-

84 1394 160 1425 dem
185 1392 337 1426 inseruit.

176 1453 246 1497 Qui
280 1467 358 1495 ergo
391 1467 526 1486 ornnem
553 1455 728 1486 haereseos
753 1453 980 1498 suspicionem
1006 1456 1046 1486 ab
1073 1454 1219 1496 Origene

82 1518 196 1550 abesse
221 1516 358 1555 volunt,
395 1529 470 1548 cum
502 1516 558 1555 iis,
592 1517 649 1560 qui
682 1515 852 1547 invidioso
887 1516 1058 1548 Haeretici
1083 1516 1220 1548 nomine

82 1579 194 1624 ipsum
220 1578 397 1617 infamant,
433 1578 477 1609 ita
511 1578 684 1610 conciliari
715 1590 814 1621 posse
848 1590 979 1611 censeo,
1028 1577 1062 1611 Si
1092 1578 1220 1622 duplici

83 1641 224 1673 notione
263 1641 350 1672 sumi
383 1639 553 1671 Haeretici
585 1639 850 1683 appellationem
885 1639 1052 1679 dicamus,
1094 1640 1147 1671 vel
1179 1639 1220 1672 ad

84 1714 161 1733 eum
185 1700 459 1742 significandum,
494 1700 551 1744 qui
583 1701 734 1732 haeresin
759 1709 816 1732 aut
840 1700 1065 1740 fabrefecerit,
1090 1711 1146 1733 aut
1171 1714 1221 1733 se-

84 1773 179 1796 cutus
204 1763 256 1802 sit,
283 1775 354 1794 eam
380 1762 459 1794 licet
486 1762 612 1807 ejurare
634 1771 776 1807 paratus,⁸
802 1762 901 1794 simul
920 1772 1019 1807 atque
1038 1763 1154 1806 fuisset
1178 1764 1219 1795 ab

83 1824 224 1857 ecclesia
248 1824 443 1868 repudiata3
480 1824 532 1855 vel
569 1825 610 1856 ad
648 1824 889 1866 designandum
923 1837 1020 1863 enm,
1058 1824 1114 1868 qui
1152 1837 1219 1856 non

82 1885 259 1918 haereseos
284 1887 442 1918 duntaxat
466 1894 586 1917 auctor
611 1895 643 1917 et
667 1887 802 1924 assecla,
827 1887 886 1918 sed
910 1895 1093 1930 perpetuus
1120 1886 1220 1918 etiam

82 1955 334 1991 propugnator,
367 1956 401 1978 et
434 1947 586 1991 pertinax
618 1948 774 1979 adversus
801 1947 960 1979 ecclesiae
985 1947 1218 1980 anctoritatem

83 2017 228 2040 assertor
251 2007 374 2041 fuerit:
405 2009 518 2052 priore
546 2008 646 2051 igitur
676 2010 817 2041 notione
850 2009 1020 2041 Haeretici
1052 2022 1174 2041 nomen
1201 2023 1217 2041 a

83 2069 239 2101 Patribus
267 2070 466 2103 Adamantio
493 2071 634 2115 imponi,
659 2081 696 2103 ut
720 2072 894 2104 haereseos
920 2080 1049 2109 auctor,
1073 2084 1141 2102 non
1167 2084 1216 2103 as—

179 2208 210 2251 ¹)
236 2207 322 2240 Vide
354 2208 491 2253 insuper
524 2210 701 2255 epistolam
735 2210 1018 2255 nuncupatoriam
1053 2210 1167 2242 'sonno
1193 2212 1219 2244 Ῐ.

84 2252 275 2296 praefixam,
303 2267 413 2286 versus
440 2256 548 2288 finem.
577 2257 614 2288 Ρι.
634 2276 673 2281 —
693 2257 762 2289 Cfr.
780 2257 832 2289 cd.
846 2265 949 2289 nostr.
975 2256 1075 2289 Tom.
1094 2256 1218 2289 XXiV.
