1403 2492
203 91 269 129 188
533 92 647 127 Pam
673 91 849 126 Dasmus
874 92 1006 127 Hom-11

203 192 258 216 tur
281 183 323 216 ad
348 183 441 216 aliud
466 182 648 222 saeculum,
674 182 765 227 quod
791 182 845 214 vel
870 182 960 215 sinus
986 182 1150 222 Abrabae,
1173 193 1212 216 ut
1234 184 1267 218 in
1279 185 1340 218 La-

204 258 293 285 zaro,
317 244 370 277 vel
395 244 585 284 Paradisus,
610 253 647 277 ut
671 244 705 277 in
730 244 879 284 latrone,
914 243 972 290 qui
997 244 1039 278 de
1065 256 1163 278 cruce
1188 245 1341 287 credidit,

203 307 402 340 indicatum<
451 305 632 352 Aliquibus
658 306 759 340 etiam
778 304 977 340 Paradisum
1001 305 1204 340 differentiis
1228 305 1342 340 discri-

203 368 313 403 minat
336 367 469 402 Homil.
492 368 587 403 XIII.
612 368 646 401 in
671 367 792 401 Ezech.
817 381 910 401 num.
933 367 984 408 2.‚
1009 377 1048 402 ut
1069 368 1156 402 alter
1179 366 1222 402 sit
1243 367 1343 402 Para-

204 431 305 471 disus,
330 431 415 464 alter
440 431 639 465 deliciarum
664 429 850 464 paradisus.
900 430 1013 475 Atque
1036 430 1125 464 hune
1147 428 1343 465 deliciarum

203 492 413 534 Paradisum,
438 507 514 527 curn
538 493 654 533 Eden,
683 491 750 525 hoc
787 501 854 532 est,
892 491 1043 526 terrestri
1071 491 1232 527 Paradiso
1264 506 1345 527 eon-

204 555 318 589 sundit
342 555 418 589 libr.
445 555 477 590 1.
509 555 542 589 in
581 554 711 590 Cantic.
744 553 975 587 Canticorum.
1023 551 1081 588 Ait
1105 553 1212 588 enim:
1246 554 1345 599 »Qui

204 626 317 651 autem
343 617 461 660 dignus
487 616 592 651 suerit
615 616 742 658 redire,
776 625 810 649 et
834 629 903 650 esse
930 629 1006 650 cum
1032 615 1187 657 Christo,
1219 616 1345 663 quique

207 680 240 712 in
271 692 376 724 parvo
408 678 520 712 fidelis
557 678 710 712 inventus
742 678 967 712 constituetur
998 691 1100 723 super
1121 678 1248 719 multa,
1286 679 1346 712 ille

207 742 364 784 gustabit,
390 750 423 774 et
448 741 559 786 capiet
584 742 796 787 voluptatem
821 741 981 781 Domini,
1004 741 1196 787 {perductus
1227 741 1268 774 ad
1294 739 1347 773 lo-

207 816 283 836 cum
310 803 489 848 quendam,
516 804 573 849 qui
597 817 660 849 pro
686 803 881 849 hujusmodi
906 803 1061 837 ciborum
1093 802 1201 848 copiis
1234 811 1268 836 et
1292 816 1347 836 va-

205 865 394 906 rietatibus,
422 866 622 899 deliciarum
650 865 846 899 nominatur
871 866 976 899 locus.
1024 866 1171 911 Propter
1196 865 1288 911 quod
1313 875 1347 898 et

206 928 241 960 in
264 928 361 961 Eden
386 927 517 973 positus
542 928 678 969 dicitur,
703 929 795 973 quod
822 928 959 961 delicias
983 928 1147 961 indicat-1<
1197 926 1278 971 Quo
1303 928 1346 960 de

206 991 355 1024 terrestri
380 990 541 1024 Paradiso
569 989 650 1035 quid
675 989 828 1030 senserit,
852 990 938 1023 infra
965 989 1228 1035 explorabimus.

297 1052 394 1086 XIII.
442 1053 570 1085 Hausta
594 1061 671 1084 sunt
703 1061 735 1085 et
759 1051 817 1084 illa
842 1053 911 1084 fere
944 1065 961 1085 e
993 1051 1145 1086 Platonis
1177 1051 1346 1085 sontibus:

207 1127 284 1147 nam
314 1113 561 1147 beatitudinem
593 1113 626 1146 in
664 1113 732 1146 Dei
763 1113 984 1149 similitudine
1015 1114 1111 1147 sitam
1144 1114 1203 1146 ille
1227 1113 1347 1146 voluit.

207 1177 327 1209 Testes
366 1175 519 1209 Laertius
557 1175 590 1208 in
631 1175 792 1215 Platone,
832 1185 865 1208 et
906 1176 1064 1210 Clemens
1106 1176 1348 1209 Alexandrinus

209 1240 336 1272 Strom.
362 1237 438 1271 libr.
464 1239 531 1279 IL,
555 1238 612 1284 qui
638 1248 671 1271 et
696 1238 730 1271 in
756 1238 874 1272 eadem
900 1239 1001 1272 fuisse
1026 1238 1162 1274 Stoicos
1186 1238 1350 1272 sententia

210 1302 437 1348 demonstrat,
477 1311 509 1335 et
536 1301 739 1335 >Abammon
773 1301 958 1348 Aegyptius
994 1301 1028 1335 in
1060 1300 1282 1347 responsione
1306 1302 1348 1335 ad

210 1364 390 1409 epistolam
415 1364 612 1409 Porphyrii.
661 1365 759 1398 Plato
786 1374 960 1410 praeterea
984 1363 1019 1397 in
1037 1363 1231 1404 Phaedone,
1254 1373 1351 1409 post-

208 1439 307 1472 quam
334 1426 458 1459 inferni
483 1427 741 1471 topographiam
761 1427 950 1472 descripsit,
977 1436 1089 1460 narrat
1103 1426 1240 1467 animas,
1265 1440 1350 1472 quae

209 1490 369 1522 virtutem
395 1489 482 1521 inter
507 1498 540 1521 et
566 1489 685 1522 vitium
711 1490 858 1523 mediam
885 1499 1063 1522 tenuerunt
1078 1488 1177 1528 viam,
1201 1499 1279 1534 post
1302 1490 1350 1522 la-

207 1562 277 1584 tam
303 1552 344 1584 de
370 1564 403 1584 se
429 1551 630 1584 sententiam
654 1553 695 1584 ad
725 1552 951 1585 Acherontem
977 1553 1164 1597 profectas,
1191 1564 1351 1585 conscen-

210 1615 252 1647 sis
278 1613 442 1647 vehiculis
467 1614 509 1646 ad
534 1614 796 1648 Acherusiadem
820 1615 980 1660 paludem
1006 1614 1196 1660 deportari,
1236 1615 1347 1661 expia-

208 1677 319 1721 tisque
346 1676 417 1709 illic
442 1690 502 1722 per
527 1661 693 1721 supplicia
716 1677 900 1711 sceleribus
924 1677 1023 1718 solvi,
1049 1685 1083 1710 et
1102 1676 1252 1722 praemia
1277 1686 1351 1711 tan-

210 1741 288 1774 dem
312 1752 425 1772 rerum
449 1740 536 1772 hene
561 1748 726 1782 gestarum
752 1741 891 1780 referre,
915 1749 949 1773 et
972 1739 1014 1773 ad
1034 1739 1230 1772 animalium
1247 1739 1349 1773 etiam

210 1801 462 1846 generationem
487 1815 729 1849 nonuunquam
753 1792 898 1837 remitti:
929 1815 1014 1848 quac
1044 1815 1124 1835 vero
1159 1802 1350 1836 insanabili-

209 1869 272 1900 bus
294 1878 363 1899 sese
390 1865 598 1899 facinoribus
623 1866 818 1909 alligarunt,
851 1864 884 1898 in
917 1865 1095 1898 Tartarum
1128 1865 1253 1911 absque
1276 1866 1350 1900 ulla

212 1930 319 1962 futuri
345 1928 451 1962 exitus
476 1941 534 1974 spe
559 1929 790 1974 praecipitari:
823 1938 857 1961 at
897 1941 1043 1973 quorum
1076 1927 1218 1962 crimina
1241 1929 1349 1962 sanari

211 2001 370 2037 possunt,
402 1992 525 2036 projici
556 2001 589 2024 et
620 1992 693 2025 illas
718 1991 750 2024 in
776 1991 972 2031 Tartarum,
1004 1992 1062 2025 sed
1087 1999 1252 2024 transacto
1275 1991 1350 2024 illie

212 2068 312 2095 anno,
339 2055 443 2088 (luctu
467 2054 546 2088 inde
571 2054 668 2100 ejici,
704 2064 735 2087 et
768 2053 809 2087 ad
836 2054 1099 2088 Acherusiadem
1122 2053 1264 2094 revolvi,
1287 2067 1350 2087 nec

213 2127 290 2151 ante
317 2117 466 2158 libcrari,
492 2130 592 2162 quam
616 2130 673 2149 eos
688 2117 909 2158 exoraverint,
934 2130 1018 2162 quos
1035 2116 1158 2163 injuria
1172 2117 1227 2150 vel
1239 2127 1349 2151 morte

213 2180 417 2213 affecerunt:
455 2193 537 2225 quae
562 2192 681 2225 puram
705 2189 816 2213 autem
851 2189 883 2213 et
914 2179 1082 2213 insontem
1115 2180 1281 2214 duxerunt
1300 2179 1349 2212 vi-

212 2253 293 2283 tam,
319 2256 371 2276 eas
397 2243 568 2286 regionem
589 2244 754 2288 quandam
770 2243 992 2288 superiorem,
1018 2252 1051 2275 et
1068 2242 1196 2276 deliciis
1209 2242 1348 2275 affluen-

213 2316 294 2348 tem,
319 2319 402 2353 quae
427 2316 534 2340 terrae
567 2308 813 2352 supereminet,
845 2306 1071 2348 adscendere;
1102 2304 1347 2350 nonnullasque

291 2454 305 2462 ο
