1403 2492
377 96 687 128 Oniceumuonum
714 93 828 126 Lmssn
853 93 896 125 11.
1140 92 1207 127 259

81 195 179 228 saepe
204 184 345 216 diximus
374 184 533 223 modum,
565 182 780 222 historicum,
810 181 993 219 moralem.
1025 189 1057 213 et
1092 182 1207 227 mystj}

82 258 176 277 cum:
201 246 291 278 unde
316 254 348 278 et
377 258 499 289 corpus
523 245 629 276 inesse
653 243 702 284 ei,
734 253 767 275 et
793 243 960 283 animam,
989 254 1026 275 ac
1050 241 1206 287 spiritum

81 306 338 339 intelleximus«
376 306 632 351 Apertissimum
650 317 730 337 vero
746 306 838 349 quod
864 305 988 347 legitur
1011 304 1113 338 Hom.
1129 304 1206 337 Vll.

81 368 114 399 in
150 368 228 401 Lev.
257 380 347 400 num.
370 368 402 401 5.
459 367 517 400 »Si
548 367 757 399 adsideamus
787 366 923 405 literae,
959 375 992 398 et
1022 367 1208 399 secundum

82 429 158 469 hoc,
182 429 234 462 vel
259 430 350 473 quod
371 429 528 468 Judaeis,
560 428 615 460 vel
640 428 674 460 id
699 427 792 472 quod
817 428 916 469 vulgo
943 427 1092 468 videtur,
1123 428 1209 461 aeci-

82 490 212 534 piamus
238 503 322 534 quae
347 490 379 523 in
405 491 477 533 lege
500 489 624 533 scripta
648 498 735 527 sunt,
760 489 920 521 erubesco
943 488 1056 521 dicere
1073 499 1106 522 et
1129 502 1208 522 con-

82 551 186 590 fiteri,
216 552 292 596 quia
321 553 404 584 tales
433 553 521 593 leges
552 549 684 583 dederit
714 550 818 584 Deus.
873 549 1088 583 Videbantur
1118 551 1207 584 enim

82 613 186 654 magis
210 613 387 655 elegantes,
412 622 446 645 et
462 611 679 645 rationabiles
695 612 870 644 hominum
895 612 994 653 leges,
1019 612 1113 644 verbi
1137 624 1209 653 gra-

82 677 147 714 tia,
170 674 223 706 vel
247 675 498 715 Romanorum,
530 674 584 706 vel
610 673 883 713 Atheniensium,
907 673 960 705 vel
983 673 1210 705 Lacedaemo-

82 735 229 768 niorum.
274 735 312 769 Si
337 748 416 767 vero
436 736 621 767 secundum
638 736 722 768 hanc
738 734 1007 778 intelligentiam,
1032 747 1131 779 quam
1147 735 1209 767 do-

83 807 136 830 cet
159 796 308 837 ecclesia,
333 796 520 841 accipiatur
542 796 609 828 Dei
635 797 697 836 lex,
722 806 801 829 tunc
827 797 927 841 plane
951 809 1069 829 omnes
1093 797 1209 829 huma-

81 871 139 891 nas
167 857 397 902 supereminet
428 858 534 900 leges,
570 867 604 890 et
635 870 711 890 vere
743 859 810 891 Dei
841 859 894 891 lex
925 871 996 891 esse
1028 858 1207 891 creditum«

81 919 231 952 Humilia
256 920 315 953 Vl.
346 920 381 952 in
412 918 532 951 Isaiam
564 933 655 953 num.
680 921 710 954 4.
742 921 854 964 aliqua
885 919 1001 953 asserit
1034 919 1151 952 haberi
1174 920 1209 952 in

80 980 288 1022 Evangeliis‚
319 993 403 1025 quae
435 980 526 1026 juxta
555 981 687 1013 literam
720 982 801 1014 falsa
833 981 917 1022 sint,
949 991 983 1014 et
1013 981 1210 1024 mendacia3

81 1042 179 1087 quale
203 1042 289 1074 illud
313 1042 503 1076 servatoris
530 1056 600 1075 esse
618 1043 717 1075 dicit:
745 1042 871 1087 »»Si¹)
896 1043 1117 1084 credideritis,
1140 1056 1209 1076 non

81 1104 194 1136 solum
216 1116 301 1148 quae
326 1117 388 1145 ego
413 1104 520 1144 facio,
550 1104 699 1144 facietis,
722 1106 780 1137 sed
807 1113 839 1136 et
862 1104 990 1150 majora
1015 1105 1137 1137 horum
1162 1106 1211 1137 fa-

84 1165 245 1198 cietism«
271 1174 304 1197 at
327 1164 417 1211 juxta
440 1165 650 1210 spiritualem
667 1179 813 1205 sensum,
836 1165 964 1211 majora
978 1166 1103 1200 Christi
1128 1180 1210 1211 ope·

82 1227 175 1259 ribus
200 1239 304 1270 opera
329 1227 515 1271 Apostolos
540 1227 693 1259 edidisse.
741 1227 911 1259 Christum
944 1228 1069 1273 quippe
1102 1228 1211 1260 homi-

81 1301 139 1321 nes
166 1288 440 1332 »coi-perditem<
466 1289 527 1321 hos
554 1288 813 1332 »spiritualiter«
839 1301 979 1321 sanasse.
1026 1289 1139 1321 Torno
1164 1290 1209 1322 X.

82 1350 117 1382 iu
140 1351 260 1382 Joann.
294 1363 386 1383 num.
410 1350 442 1384 2.
472 1349 648 1382 veritatem
682 1350 945 1392 Evangeliorum
977 1351 1121 1391 servari,
1151 1363 1211 1383 eo·-

81 1423 224 1456 rumque
254 1410 493 1444 dissonantiam
525 1411 612 1444 solvi
642 1412 776 1459 nonnisi
813 1425 875 1456 per
906 1424 1076 1453 anagogen
1110 1425 1210 1456 posse

80 1473 215 1513 scribit3
240 1482 272 1504 et
294 1472 328 1504 in
350 1473 472 1505 Joann.
498 1473 543 1516 II,
571 1473 623 1507 13.
648 1481 681 1505 et
704 1485 772 1517 seq.
797 1486 889 1506 num.
915 1473 967 1507 16.
993 1473 1135 1513 dubitat,
1159 1486 1211 1506 re-

81 1547 202 1566 verane
225 1533 470 1566 nummularios
495 1543 528 1566 et
552 1535 714 1578 propolas
747 1535 878 1578 templo
904 1534 1087 1567 exturbarit
1112 1535 1209 1568 Chri-

80 1606 160 1635 stus,
184 1595 235 1627 uti
258 1595 438 1637 Evangelia
469 1605 621 1628 narrant:
656 1597 944 1640 quemadmodum
976 1597 1151 1629 columbas
1177 1607 1210 1629 et

81 1666 227 1689 turtures
256 1669 320 1700 pro
351 1656 483 1690 Christo
516 1657 668 1697 oblatos,
701 1658 793 1690 aliud
825 1657 955 1702 aliquid
988 1671 1086 1702 quarn
1113 1659 1208 1691 volu-

82 1732 164 1758 cres,
188 1716 350 1751 divinum
379 1718 509 1750 scilicet
532 1718 718 1762 quiddam,
741 1725 777 1752 et
801 1719 967 1752 humana
989 1720 1211 1764 contempla-

83 1782 180 1813 tione
210 1780 404 1823 augustius
435 1778 536 1812 fuisse
578 1780 744 1825 conjectat
780 1781 906 1814 Homil.
940 1781 1032 1813 XIV.
1063 1781 1098 1813 in
1129 1782 1208 1814 Luc.

85 1842 266 1885 Quendam
298 1850 471 1885 praeterea
503 1840 572 1886 ejus
605 1842 720 1874 locum
753 1843 787 1875 in
819 1843 902 1875 Gen.
929 1843 987 1882 Ill,
1010 1842 1066 1877 21.
1113 1843 1211 1876 Cate—

81 1916 143 1935 nae
169 1904 332 1943 afferunt,
361 1902 395 1935 in
428 1915 495 1947 quo
527 1912 706 1948 postquam
732 1905 846 1937 multis
873 1903 1030 1937 disseruit
1053 1905 1095 1936 de
1119 1917 1211 1937 scor-

82 1965 144 1998 teis
169 1964 301 2004 tunicis,
326 1965 371 1997 ita
396 1965 531 1997 demum
559 1966 752 1998 concludit:
792 1970 971 2009 .4εκτεόν,
1009 1965 1062 2001 ὅτι
1088 1966 1130 2001 οὐ
1154 1968 1213 2002 δεῖ

83 2031 312 2072 περιέχεσθαι
338 2028 400 2061 τοῦ
425 2027 642 2074 γράμματος
670 2030 730 2071 τῆς
759 2031 922 2074 γραφῆς,
957 2027 1004 2067 ὠς
1034 2028 1210 2072 ἀληθοῦς·

84 2088 146 2122 τὸν
170 2088 209 2122 δὲ
236 2093 487 2133 κεκρυμμένον
510 2086 698 2133 θησαυρόν
722 2090 762 2124 ἐν
794 2092 843 2135 τῷ
867 2088 1056 2137 γράμματι
1081 2093 1206 2133 ζητεῖν.

81 2149 239 2194 Denique
273 2149 428 2182 Socrates
460 2151 706 2195 quantumlibet
739 2151 934 2194 Origvniani
964 2152 1110 2184 nominis
1142 2153 1210 2184 s’tu·

177 2277 209 2321 ¹)
234 2277 302 2310 Cfr.
328 2290 378 2311 cv.
400 2279 520 2311 Joann.
545 2278 637 2318 XIV,
664 2279 714 2313 12.

937 2340 978 2374 17
997 2349 1008 2362 *
