1403 2492
375 65 688 99 Omoemmonnm
713 65 827 98 Lmen
844 65 892 98 ΙΙ.
1125 68 1190 103 115

262 207 628 265 QUAESTIO
686 207 979 256 OCTAVA.

456 318 529 351 DE
562 317 622 351 As
634 317 774 350 TRJS.

49 407 74 441 I.
100 407 222 440 Utrum
247 418 332 442 astra
355 409 498 442 animata
522 420 602 448 esse,
628 408 741 440 Deum
757 419 961 449 cognoscere
986 417 1018 440 et
1042 409 1184 454 precari,

47 482 189 513 peccare
211 483 321 514 posse,
345 469 530 515 judicatum
554 469 616 509 iri,
641 482 678 502 nc
702 470 844 502 salutem
868 482 1002 514 sperare
1029 479 1059 502 et
1084 484 1185 515 posse

49 531 211 576 consequi
243 531 405 573 Origenes
437 530 664 564 affirmaverit.
712 531 757 564 II.
785 532 813 563 A
843 531 959 564 multis
991 530 1046 564 hic
1077 533 1185 574 argui-

47 601 120 624 tur:
162 593 222 625 111.
245 605 307 625 nec
331 593 528 625 defensione
552 602 664 625 tamen
691 601 791 628 caret,
837 593 897 626 lV.
923 592 1020 625 Viam
1052 593 1115 638 ipsi
1140 596 1182 627 nd

47 653 82 685 id
107 653 310 686 credendum
334 662 522 686 straverunt
546 653 686 698 antiqui.
733 654 774 687 V.
798 654 922 687 Utrum
939 654 1106 688 sideribus
1130 657 1183 688 su-

45 724 200 747 turorum
219 714 497 756 significationem
514 729 531 748 a
544 716 621 748 Deo
636 715 834 760 impressam
848 716 1028 760 putaverit.
1053 718 1113 750 VI.
1128 719 1182 751 An

43 786 110 809 tres
134 777 266 821 priores
292 777 471 810 creationis
497 778 568 810 dies
593 777 663 810 sine
688 777 780 818 sole,
805 777 900 818 luna,
926 787 959 811 et
982 778 1089 812 stellis
1111 792 1181 812 non

449 839 552 872 fuisse
583 839 782 872 decreverit.

132 945 162 978 Ῑ.
209 944 302 988 Quid
348 945 511 988 Origenes
550 947 591 979 de
635 946 730 979 astris
765 945 905 979 senserit
943 946 1178 991 exploraturis,

44 1007 195 1040 animane
220 1019 257 1039 ea
283 1015 315 1039 et
340 1020 484 1052 corpore
511 1018 663 1041 constare
689 1008 731 1041 sit
752 1009 942 1048 arbitratus,
967 1021 1007 1040 nn
1035 1021 1180 1053 corpora

43 1081 112 1101 esse
136 1068 302 1110 inanima,
333 1083 465 1102 rursum
497 1070 647 1103 iteranda
672 1079 767 1110 sunt,
800 1083 884 1115 quae
909 1079 977 1102 tam
1002 1083 1101 1115 saepe
1126 1084 1180 1103 su—

40 1143 101 1174 pra
126 1129 361 1163 disseruimus:
395 1141 523 1164 mentes
556 1142 632 1164 ante
658 1145 801 1176 corpora
826 1131 978 1164 conditas
1002 1132 1179 1175 opinatum

41 1191 300 1231 Adam-uminum,
331 1204 368 1224 ac
393 1205 456 1236 pro
482 1193 611 1225 meritis
641 1193 674 1225 in
707 1193 813 1232 varia,
845 1192 1002 1237 variaque
1034 1206 1179 1238 corpora

42 1254 210 1296 detrusas3
235 1255 393 1298 quasdam
424 1262 535 1285 autem
563 1268 601 1286 ex
624 1254 709 1293 illis,
735 1267 819 1299 quae
844 1267 911 1286 non
937 1254 1081 1298 pessime
1105 1269 1177 1288 sese

39 1315 234 1357 gessissent,
259 1315 442 1348 animandis
466 1315 547 1346 solis
575 1325 607 1347 et
631 1316 747 1354 lunae,
784 1315 999 1360 aliorumque
1028 1316 1177 1350 siderum

40 1376 260 1420 corporibus,
295 1377 493 1420 mundoque
525 1375 725 1408 illustrando
756 1388 794 1407 ac
827 1377 1038 1416 exornando,
1068 1379 1178 1411 nobili

38 1438 166 1470 scilicet
190 1437 324 1470 muneri
347 1438 449 1470 fuisse
472 1439 668 1481 praefertas.
706 1438 746 1469 Id
770 1450 870 1482 supra
895 1437 960 1483 jam
977 1439 1176 1481 delibatum,

40 1513 128 1532 nunc
153 1513 194 1532 eo
220 1499 319 1532 etiam
344 1499 489 1543 amplius
513 1500 725 1543 probandum
752 1509 811 1533 est.
851 1500 909 1533 Sic
932 1499 1079 1533 habetur
1103 1502 1173 1546 qui-

40 1562 116 1594 dem
140 1561 254 1594 Tomo
279 1562 305 1594 I.
332 1561 487 1603 Origenis
520 1560 554 1592 in
587 1562 707 1594 Joann.
740 1574 831 1593 num.
859 1561 910 1596 17.
957 1565 1030 1595 Καὶ
1055 1562 1128 1608 γὰρ
1153 1563 1173 1608 ἦ

39 1622 138 1668 ψυχὴ
161 1625 224 1657 τοῦ
257 1621 361 1666 ἡλίου
394 1624 434 1657 ἐν
469 1621 622 1667 σώματι.
671 1623 747 1656 Hoc
780 1632 852 1663 est,
886 1623 1021 1658 »anima
1051 1626 1171 1666 solis,«

37 1698 106 1717 non
136 1685 250 1725 Eliae,
288 1694 326 1717 ut
357 1684 471 1728 inepte
505 1684 606 1716 vertit
638 1683 813 1728 interpres.
877 1686 980 1718 Libro
1019 1700 1098 1719 vero
1131 1689 1174 1722 ΙΙ.

37 1748 121 1790 περὶ
145 1745 280 1791 ἀρχῶν,
307 1759 377 1791 cap.
404 1746 437 1780 9.
462 1759 554 1778 num.
572 1746 614 1785 7.,
639 1755 819 1789 postquam
844 1746 970 1779 animas
996 1747 1084 1793 juxta
1110 1749 1175 1781 vir-

38 1817 127 1840 tutes
149 1821 187 1840 ac
210 1808 330 1842 merita
354 1808 492 1841 diversis
516 1807 622 1840 sanxit
646 1807 780 1839 adnecti
805 1809 1025 1851 corporibus,
1057 1822 1095 1841 ex
1121 1823 1174 1842 ea-

40 1882 104 1914 que
137 1869 325 1903 diversitate
357 1869 476 1902 mundi
519 1868 772 1901 consonantiam
811 1869 1042 1910 efflorescere,
1081 1871 1174 1904 addit

39 1931 198 1976 quasdam
224 1943 260 1962 ex
284 1931 351 1971 his,
384 1944 468 1975 quae
496 1930 720 1963 »melioribus
745 1930 872 1962 meritis
895 1940 988 1971 sunt,
1013 1932 1054 1963 ad
1079 1946 1175 1965 exor-

36 1993 183 2024 nandum
216 1992 334 2024 mundi
363 1993 532 2036 statum¹)
575 1992 722 2036 compati
755 1991 910 2035 reliquis,
952 2001 984 2024 et
1020 1993 1172 2027 officium

39 2055 202 2099 praebere
232 2053 466 2094 inferioribus,
503 2068 570 2098 quo
607 2068 668 2098 per
702 2053 766 2085 hoc
797 2052 979 2097 participes
1017 2054 1174 2089 exsistant

37 2115 219 2160 patientiae
245 2115 423 2148 creatoris:
460 2116 643 2148 secuudum
675 2115 768 2159 quod
799 2114 986 2158 Apostolus
1018 2115 1089 2160 ipse
1123 2117 1174 2149 di-

135 2250 165 2294 ¹)
192 2250 280 2283 Edd.
300 2249 434 2283 Huetii:
462 2258 639 2282 »statum«
666 2247 805 2289 secerni,
832 2258 892 2281 »et
909 2248 1088 2281 officium«
1107 2260 1167 2283 etc.

855 2310 910 2343 85(-
