1403 2492
142 63 210 98 226
477 61 589 95 Pam
612 60 786 94 omnus
811 59 943 95 Hunni

146 166 207 196 ego
232 165 317 194 sum,
342 161 373 185 et
401 150 457 184 isti
481 150 545 184 sint
577 163 731 192 meeum;
766 158 799 183 et
828 150 915 184 sicut
947 160 1009 192 ego
1041 158 1075 183 et
1105 158 1142 183 tu
1174 162 1278 187 unum

144 228 269 255 sumus,
295 223 328 246 et
353 213 407 247 isti
431 212 496 245 sint
520 213 554 245 in
578 213 677 246 nobis
700 224 875 246 ununizu«
905 211 1103 245 »ostendere
1128 210 1280 248 videatur

143 278 221 322 plus
245 275 374 320 aliquid
399 287 498 320 quam
524 284 572 308 cst
596 274 778 315 saeculum,
802 283 835 307 et
848 273 1000 315 saecula3
1023 273 1164 307 sortasse
1179 272 1278 307 etiam

144 340 219 383 plus
245 350 344 382 quam
370 345 420 368 est
441 335 575 369 saecula
599 336 829 378 saeculorum
854 335 889 368 id
916 333 1088 374 videlicet,
1112 347 1188 367 cum
1211 333 1281 380 jam

142 399 270 433 nonin
293 399 428 432 sacculo
451 406 530 430 sunt
563 397 694 438 omnia,
728 398 788 430 sed
821 396 952 436 omnia,
988 405 1022 429 et
1059 395 1094 429 in
1126 395 1282 430 omnihus

143 463 268 495 Deus.«
318 459 422 502 Igitur
444 472 554 504 neque
588 459 640 492 »in
670 459 882 500 saeculum,«
917 469 1028 502 neque
1064 456 1118 490 »in
1149 457 1283 491 saeculo

143 523 374 556 saeculorum«
403 521 547 566 spatium
572 521 825 554 interminatum
850 520 1056 566 significare*
1071 518 1180 552 voluit
1204 517 1283 552 Ori-

143 598 253 627 genes.
302 584 475 628 Quorsum
501 596 579 625 ergo
605 583 650 615 ait
675 582 850 615 Caesarius
881 581 959 614 dial.
984 581 1046 614 111.
1080 579 1282 614 existimasse

144 646 241 679 illurn
266 646 398 678 finitum
424 644 463 676 iri
489 644 655 690 supplicia
681 645 936 684 damnatorum,
970 643 1010 677 ἐκ
1043 645 1106 677 ’1οῦ
1132 640 1283 676 αἰώνιον

143 708 264 754 μόνον
288 711 401 755 ᾳῆσαι
431 705 494 741 τὸν
519 705 645 751 κύριον
677 707 716 740 τὸ
741 703 982 749 κολαστήριον
1006 706 1099 749 πῦρ,
1126 705 1188 737 καὶ
1213 702 1279 738 οὐκ

144 769 294 805 αἰώνιον
319 767 483 810 (ιΙιόνων,·
511 768 746 813 Adstipulatur
769 766 1001 812 superioribus
1025 765 1189 798 Leontius
1212 765 1280 812 By-

143 831 290 871 zantius,
327 831 384 875 qui
410 830 617 873 Origenistas
649 829 760 862 dicere
785 829 847 862 ait:
870 827 945 864 “On
979 827 1018 865 τὸ
1055 831 1117 862 τοῦ
1151 829 1281 866 αἰῶνος

145 890 263 938 ὄνομα
288 894 349 928 ἐπὶ
374 891 579 940 ὡρισμένου
599 890 738 937 χρόνου
754 889 989 936 λαμβάνεται,
1015 892 1077 924 καὶ
1094 888 1183 925 ὅταν
1199 893 1282 937 εἴπῃ

145 955 164 999 ἦ
192 969 290 1001 γραᾳ
302 955 335 999 ὴ,
364 953 415 990 ὅτι
444 957 574 989 αἰωνιά
599 954 698 988 ἐστὶν
730 952 750 996 ἡ
783 950 948 996 κόλασις,
983 951 1025 986 οὐ
1056 953 1151 997 λέγει
1176 955 1207 986 εἰ
1229 951 1279 996 μὴ

144 1019 204 1052 ἐπὶ
231 1016 435 1062 ὡρισμένου
454 1014 609 1061 χρόνου.
658 1016 748 1048 Tum
781 1016 928 1054 fatetur,
966 1012 1019 1049 ὅτι
1051 1015 1100 1058 τῷ
1132 1010 1206 1048 ὅνιι
1241 1012 1280 1049 τὸ

144 1081 207 1114 τοῦ
239 1081 371 1117 αἰῶνος
402 1074 521 1122 ὄνομα
560 1079 622 1111 καὶ
653 1076 753 1123 παρὰ
785 1080 859 1116 τοῖς
891 1077 976 1120 ἔξω,
1015 1078 1079 1110 καὶ
1110 1074 1210 1123 παρὰ
1241 1077 1281 1124 τῇ

143 1141 269 1188 γραᾳῇ
313 1137 487 1178 πολλάκις
529 1138 588 1172 ἐπὶ
631 1137 836 1187 ὡρισμένου
870 1135 1011 1182 χρόνου
1048 1137 1282 1184 λαμβάνεται.

145 1201 341 1246 subjectam
367 1213 446 1233 vero
473 1199 670 1244 Origeniani
700 1199 798 1246 hujus
822 1198 989 1242 dogmatis
1014 1198 1281 1232 confutationem

146 1265 188 1297 ab
211 1263 286 1296 aliis
311 1262 376 1308 jam
404 1261 584 1311 contritam
611 1262 798 1307 usurpavit.

236 1322 407 1357 Primitivi
431 1323 482 1356 sui
514 1311 725 1356 notationem
756 1331 985 1368 repraesentat
1016 1320 1178 1363 αἰώνιος,
1208 1335 1279 1356 rem

145 1386 295 1430 indicans
320 1385 524 1430 quandoque
548 1385 672 1418 infiniti
694 1385 870 1430 temporis,
893 1385 1095 1430 quandoque
1112 1397 1183 1417 rem
1198 1383 1281 1417 certi

145 1447 310 1492 temporis
337 1456 370 1478 et
394 1446 576 1479 terminati.
625 1446 845 1492 Quapropter
869 1447 1053 1480 saeculares
1079 1447 1178 1479 ludos
1202 1458 1279 1478 cen-

145 1509 232 1542 tenis
256 1509 326 1540 fere
352 1507 541 1552 quibusque
565 1518 776 1541 recurrentes
807 1508 916 1548 annis,
957 1511 1124 1546 αἰωνίους
1157 1507 1279 1540 Graeci

144 1571 267 1603 dixere.
314 1569 452 1601 Frustra
483 1582 561 1611 ergo
594 1569 627 1602 in
661 1568 817 1611 Origenis
847 1570 986 1613 gratiam
1018 1579 1050 1602 et
1074 1571 1215 1603 tutelam
1241 1583 1277 1602 ea

146 1633 361 1665 adducuntur
383 1629 598 1670 testimonia,
621 1631 655 1679 in
681 1631 802 1675 quibus
826 1632 994 1664 infernum
1020 1631 1149 1674 ignem,
1172 1641 1280 1664 aeter·

145 1707 225 1726 num
251 1693 324 1725 sore
349 1692 563 1738 pronuntiat,
595 1692 649 1724 vel
682 1702 719 1724 ut
742 1693 871 1725 Graece
902 1693 1085 1734 scribebat,
1121 1692 1279 1728 αἰώνιον.

146 1756 218 1788 Hac
245 1754 333 1786 enim
359 1766 443 1786 voce
468 1753 626 1795 longum,
656 1754 714 1786 sed
739 1754 924 1787 finiendum
948 1764 1082 1800 tempus
1105 1755 1279 1788 intellexit.

147 1816 294 1860 Qualem
319 1815 420 1857 igitur
443 1815 520 1848 huic
545 1816 712 1852 vocabulo
737 1803 916 1858 aslingebat
933 1829 1077 1858 sensum,
1099 1817 1202 1850 talem
1226 1817 1279 1850 illi

146 1892 163 1911 a
186 1877 408 1922 scriptoribus
430 1877 530 1910 sacris
554 1876 655 1910 fuisse
681 1877 823 1910 inditum
851 1879 1015 1912 censebat.
1056 1879 1278 1914 Memoranda

146 1940 179 1972 in
205 1939 239 1971 id
272 1948 505 1980 argumentum
537 1938 670 1984 scripsit
702 1938 906 1981 Augustinus
936 1939 971 1972 in
1005 1940 1126 1974 libello
1160 1952 1277 1976 contra

144 2000 410 2033 priscillianistas
437 2010 469 2033 et
493 2000 719 2044 Origenistas3
742 2013 817 2033 nam
843 2014 919 2033 cum
943 2002 986 2034 ad
1011 2014 1087 2035 eum
1113 2003 1278 2037 Commo-

145 2062 307 2094 nitorium
331 2062 517 2106 scripsisset
542 2062 702 2101 Orosius,
737 2064 829 2106 quod
861 2063 941 2096 huic
969 2065 1148 2107 Augustini
1180 2065 1276 2111 Opu-

145 2123 240 2155 sculo
266 2124 404 2166 praefigi
428 2124 526 2164 solet,
549 2124 584 2156 in
607 2136 675 2168 quo
700 2124 814 2170 jactari
839 2138 877 2158 ex
897 2125 1051 2168 Origenis
1074 2127 1170 2160 libris
1195 2140 1274 2160 con—

146 2185 349 2229 querebatur
374 2194 551 2217 tartareum
578 2185 673 2218 illum
699 2186 820 2228 ignem,
845 2188 902 2232 qui
927 2197 1079 2222 aeternus
1104 2188 1274 2234 praedica-

146 2256 214 2285 tur,
250 2245 339 2289 juxta
372 2247 630 2291 »etymologiam
661 2248 826 2283 Graecam
855 2262 924 2282 non
956 2263 1025 2284 esse
1058 2259 1271 2295 perpetuum,
