1403 2492
225 86 289 122 176
555 86 665 120 Parni
690 87 862 121 Daumius
886 88 1018 123 Ηυετιι

225 187 294 210 tem
318 176 461 210 animam
487 178 529 209 ad
553 176 674 221 quietis
702 178 815 211 locum
841 191 918 211 cum
944 179 1071 222 gemitu
1097 187 1130 212 et
1153 180 1275 214 dolore
1298 194 1356 214 an-

224 241 353 281 hela1e3
383 239 565 272 hebescere
596 238 716 278 etiam,
747 248 780 271 et
813 240 972 283 caligare,
1006 241 1118 286 quoad
1152 241 1280 275 itineris
1302 242 1353 275 sui

224 311 346 335 metam
373 310 520 333 assecuta
545 300 603 333 sit:
634 301 719 334 »Per
737 300 881 342 singulas
900 315 1059 347 quasque,
1084 301 1194 347 inquit
1206 303 1353 343 num.4.‚

222 364 410 407 digrediens
434 361 640 402 mansiones,
666 363 739 395 illas
763 362 892 396 scilicet
917 363 1058 403 multas,
1090 377 1174 409 quae
1199 364 1356 397 dicuntur

223 440 292 459 esse
317 425 406 470 apud
430 424 584 463 Patrem,
615 424 825 457 illuminatur
854 426 1000 470 amplius
1031 439 1069 458 ex
1101 439 1166 459 una
1189 427 1232 459 ad
1255 426 1354 459 aliam

222 488 369 527 veniens,
393 485 519 533 majora
544 499 678 530 semper
693 486 959 520 -illuminationis
981 497 1158 530 augmenta
1175 487 1355 533 conquirit,

219 563 394 596 usquequo
421 557 548 581 assueta
572 547 615 580 sit
640 548 744 592 ipsius
769 549 836 582 veri
870 549 1048 589 luminis„
1064 550 1156 595 quod
1186 549 1356 582 illuminat

220 625 356 646 omnem
381 610 566 652 hominem,v
589 610 747 642 intuitum
772 610 852 655 pati,
877 621 910 644 ct
933 611 1038 644 mirae
1062 606 1243 658 majestatis
1266 612 1354 645 ferre

219 674 417 717 fulgorem.«
467 672 618 705 Inculcat
642 671 733 705 idem
758 672 791 705 in
815 673 1033 717 sequentibus
1057 686 1148 706 num.
1169 673 1202 708 6.
1251 673 1354 706 »Post

218 735 499 771 resurrectionem
525 734 723 767 adscensum
746 735 788 767 ad
814 734 929 768 coelos
954 735 1097 782 (anima)
1128 749 1197 769 non
1227 735 1352 774 subito,

218 813 279 833 nec
304 799 500 843 importune
525 796 568 828 ad
591 809 722 828 summa
748 796 954 838 conscendit,
978 799 1039 831 sed
1063 811 1125 843 per
1148 797 1269 831 multas
1293 798 1352 830 de-

218 861 355 895 ducitur
378 858 578 898 mansiones,
603 859 638 891 in
662 858 784 902 quibus
820 858 1008 894 illuminata
1039 874 1101 906 per
1131 859 1294 902 singulas,
1319 868 1352 892 et

215 932 396 966 augmento
421 933 556 965 semper
578 920 770 965 splendoris
794 930 954 968 accepto,
978 921 1012 954 in
1036 934 1235 967 unaquaque
1259 934 1351 954 man-

214 986 311 1019 sione
334 984 498 1017 illustrata
521 981 703 1028 sapientiae
729 981 856 1015 lumine
888 996 993 1028 usque
1026 984 1067 1017 ad
1097 984 1208 1029 ipsum
1233 996 1352 1029 perve-

214 1049 283 1082 niat
320 1046 485 1080 luminum
516 1045 686 1078 Patrem«
743 1044 825 1076 Post
857 1045 939 1077 hacc
969 1045 1180 1078 mansionum
1213 1045 1350 1078 illarum

215 1109 337 1144 deserti
361 1108 498 1141 nomina
522 1105 751 1139 mansionibus
776 1108 1034 1147 accommodat,
1071 1121 1151 1152 quas
1182 1107 1291 1140 anima
1317 1107 1349 1139 in

216 1173 351 1206 coelum
376 1170 506 1203 abitura
529 1177 692 1214 peragrat,
719 1167 933 1212 ostenditque
958 1168 1042 1202 hanc
1065 1169 1166 1201 etiam
1186 1178 1258 1201 tum
1272 1169 1349 1202 dae-

214 1247 355 1268 monum
379 1231 507 1265 insidiis
533 1240 563 1263 et
588 1229 803 1263 tentamentis
830 1242 898 1262 csse
924 1229 1123 1270 obnoxiam,
1148 1231 1349 1275 laboresque

215 1297 391 1339 sustinere,
418 1304 449 1327 at
474 1307 543 1326 non
569 1292 717 1332 invitam,
742 1304 804 1324 nec
830 1300 961 1324 tantum
977 1291 1018 1325 iis
1037 1292 1221 1335 defatigari,
1247 1305 1349 1337 quan-

213 1353 371 1403 tum—spe
395 1357 607 1396 sublevatum
631 1355 690 1387 sed
715 1363 747 1386 et
760 1353 941 1395 refrigeriis
958 1354 1104 1387 animam
1120 1354 1241 1395 foveri,
1266 1367 1347 1399 pau-

206 1422 377 1465 latimque
413 1419 454 1452 ad
492 1416 690 1450 coelestium
725 1415 954 1458 cognitionem
990 1429 1177 1458 assurgere,
1212 1416 1346 1462 jamque

212 1484 350 1530 plenam
373 1482 407 1514 in
434 1493 556 1524 corpus
581 1490 734 1511 exercere
761 1486 981 1521 potestatem,
1017 1488 1049 1511 et
1083 1487 1156 1510 tum
1187 1477 1346 1511 curriculi

211 1555 336 1579 metam
358 1543 532 1584 stringere,
557 1553 631 1573 cum
657 1539 811 1584 pervenit
835 1540 875 1570 ad
902 1540 1026 1572 flumen
1053 1539 1134 1578 Dei,
1160 1549 1192 1572 et
1216 1539 1347 1584 sapien·

212 1608 276 1641 tiae
300 1604 446 1645 fluentis,
471 1603 635 1647 undisque
662 1601 793 1634 divinae
818 1601 975 1634 scientiae
999 1595 1162 1643 irrigatur.
1200 1602 1248 1634 Ex
1273 1601 1346 1646 qui—

211 1672 272 1703 bus
298 1668 375 1702 satis
400 1674 540 1711 apparet
564 1664 747 1697 sententiae
774 1663 849 1695 liuic
876 1663 1031 1705 Origenis
1053 1663 1119 1695 vim
1133 1664 1255 1696 afferre
1271 1663 1345 1696 Six-

211 1742 283 1765 tum
314 1732 499 1765 Senensem
530 1727 605 1759 libr.
631 1727 661 1761 5.
702 1726 869 1759 Bibliotli.
908 1735 1021 1758 annot.
1055 1724 1150 1764 128,
1187 1739 1262 1758 cum
1287 1725 1343 1763 ait,

211 1794 400 1827 mansiones
437 1791 519 1824 illas,
550 1802 619 1822 non
657 1789 697 1820 ad
730 1788 858 1820 diversa
890 1787 1144 1820 adscensionum
1177 1796 1344 1831 tempora,

211 1858 271 1891 sed
296 1856 338 1889 ad
364 1854 514 1886 diversos
539 1847 770 1896 praemiorum
796 1850 915 1892 gradus
940 1862 1009 1881 esse
1035 1849 1235 1882 referendas.
1273 1848 1343 1881 De·-

210 1920 312 1965 nique
337 1918 440 1951 Hom.
466 1914 625 1947 XXVIII.
651 1913 684 1945 in
709 1913 808 1945 Num.
834 1924 924 1943 num.
949 1911 980 1945 2.
1006 1911 1036 1946 3.
1074 1911 1223 1955 aliquem
1243 1911 1342 1944 nobis

208 1995 226 2014 a
250 1982 328 2014 Dco
354 1980 468 2011 locum
500 1974 692 2020 praeparari
727 1973 1010 2013 comminiscitur,
1048 1972 1107 2005 ubi
1138 1973 1178 2005 ad
1213 1983 1342 2006 certum

207 2055 340 2088 tempus
365 2040 573 2077 habitemus,
608 2036 636 2069 si
661 2048 745 2080 quae
776 2044 913 2079 peccata
945 2034 1175 2079 imprudentes
1207 2035 1343 2067 admisi—

209 2118 300 2145 mus3
332 2101 619 2148 quemadmodum
660 2107 764 2130 certas
804 2097 922 2138 refugii
956 2097 1054 2128 urbes
1094 2096 1132 2129 iis
1165 2097 1339 2139 assignavit

205 2167 338 2204 Moses,
371 2164 428 2209 qui
452 2161 674 2195 homicidium
699 2172 775 2192 casu
802 2168 834 2191 et
860 2158 1051 2192 inconsulto
1078 2158 1340 2197 commisissent;

208 2238 239 2261 et
263 2238 539 2270 unumquemque
563 2225 597 2256 in
624 2224 683 2255 liac
708 2223 808 2254 illave
833 2221 920 2254 coeli
957 2230 1050 2264 parte
1076 2233 1092 2252 a
1118 2220 1250 2254 Christo
1275 2233 1337 2263 pro

208 2289 334 2321 mci-itis
359 2287 526 2319 constitui.
579 2285 678 2317 Addit
707 2284 833 2316 Homil.
862 2282 965 2316 XXV.
1000 2283 1031 2314 in
1063 2283 1166 2315 Josue
1192 2282 1339 2319 nuin.4..
