1403 2492
415 45 729 79 Ontetmmonum
760 45 871 78 L1BER
890 46 940 82 ΙΙ.
1164 45 1231 82 299

98 134 287 178 εὗσεβειάς.
335 134 481 177 Magicas
506 147 584 176 ergo
612 143 716 174 artes,
752 146 836 178 quae
862 134 1065 166 daemonum
1089 135 1230 169 fallaciis

98 197 383 236 administrantur,
408 197 577 242 improbat
602 205 634 228 et
659 195 788 240 rejicit:
820 196 879 228 sed
911 195 1021 228 multo
1053 196 1154 228 etiam
1179 197 1230 230 di-

99 258 216 300 sertius
240 259 301 290 sub
326 259 426 290 finem
450 255 679 289 antecedentis
706 256 782 288 libri
808 270 899 290 num.
922 256 976 291 80.
1025 256 1077 289 lbi
1101 258 1227 302 quippe

101 320 236 352 Celsum
269 319 441 361 coarguit,
473 318 530 362 qui
569 331 682 360 magos
716 317 959 357 luamrdrovg
989 319 1229 363 appellaverat,

101 382 162 427 ἀφ’
189 375 259 421 ὧν,
290 381 416 425 inquit,
449 378 466 422 ἡ
503 378 723 424 παρώιύμος
755 382 818 414 τοῦ
851 381 982 419 ἔθνους
1007 381 1127 415 αὐιιῦν
1149 395 1228 427 μα-

100 447 181 488 γειά
205 446 263 477 καὶ
291 447 362 481 τοῖς
386 445 525 480 λοιποῖς
556 442 718 480 ἔθνεσιν,
753 442 812 476 ἐπὶ
845 442 1036 487 διαφθορᾷ
1061 445 1121 476 καὶ
1147 443 1229 478 ὀλέ-

101 509 178 550 θρῳ
201 506 272 538 τῶν
291 507 493 548 χροῃιένων
517 503 617 551 αὐτῇ,
645 501 904 549 ἐπιδεδήμηκε·
932 513 965 536 et.
989 504 1228 539 Homil.Xlll.

100 565 133 598 in
170 567 269 598 Num.
295 579 386 598 num.
410 566 440 599 5.
491 566 580 597 »Nec
612 564 758 604 mireris,
793 565 820 598 si
860 574 909 597 est
940 565 972 597 in
1003 567 1128 607 magica
1159 577 1229 600 arte

99 627 165 658 tale
190 626 336 671 aliquid:
369 639 438 659 esse
470 626 558 659 enim
582 627 665 659 hanc
689 635 793 659 artem
825 625 975 668 designat
1006 627 1106 660 etiam
1137 629 1229 662 Scri-

100 698 208 733 ptura,
232 689 289 720 sed
315 688 363 720 uti
389 701 425 720 ea
450 688 619 732 prohibet.
667 689 751 720 Nam
785 697 817 720 et
848 688 1028 721 daemones
1053 689 1229 734 Scriptura

100 763 169 782 esse
195 749 359 790 designat,
395 750 454 782 sed
487 749 553 781 coli
581 763 637 781 eos
663 758 696 781 et
720 749 849 781 exorari
873 759 971 784 vetat.
1018 751 1124 783 Recte
1149 764 1228 793 ergo

99 811 200 843 etiarn
228 810 354 852 magica
386 810 435 842 uti
469 810 646 855 prohibet,
685 810 761 855 quia
786 823 959 852 magorum
993 811 1136 845 ministri
1169 826 1227 846 an-

97 871 164 914 geli
194 881 272 904 sunt
303 873 455 913 refugae,
487 882 520 904 et
549 871 683 916 spiritus
714 871 869 913 maligni,
901 881 933 904 et
965 873 1142 907 daemonia
1167 875 1229 907 im-

98 935 260 966 munda.«
310 933 453 978 Reliqua
491 947 558 965 non
589 932 699 966 miuus
732 933 878 965 dilucida
911 933 1063 967 vitandae
1097 936 1230 970 satieta-

98 995 139 1028 tis
164 1008 275 1028 caussa
300 995 544 1039 praetermitto.
592 996 750 1028 Tractatu
782 995 883 1027 etiam
917 995 949 1027 in
981 997 1102 1030 Matth.
1130 997 1230 1039 trige-

99 1056 185 1089 simo
225 1057 341 1100 quinto
382 1070 472 1089 num.
500 1056 572 1090 110.
634 1055 813 1088 Judaicum
852 1069 921 1088 esse
961 1056 1042 1089 dicit
1076 1057 1229 1103 adjurare

101 1118 288 1158 daemonia,
313 1131 421 1162 neque
446 1118 629 1150 secundum
654 1126 856 1161 potestatem
888 1130 906 1149 a
932 1117 1065 1151 Christo
1092 1133 1228 1153 conces-

100 1193 188 1221 sam;
213 1192 281 1223 quo
307 1178 483 1220 significari
512 1179 581 1210 vult
607 1179 641 1211 S.
667 1178 815 1210 Thomas
835 1179 875 1211 ll.
890 1179 920 1213 2.
947 1190 1070 1223 quaest·
1097 1181 1150 1216 90.
1176 1196 1227 1214 ar-

100 1241 156 1274 tic.
180 1241 212 1275 2.
238 1241 272 1273 id
298 1240 516 1285 adjurationis
540 1253 661 1282 genus,
688 1240 779 1284 quod
805 1240 841 1272 sit
866 1253 927 1284 per
949 1254 1081 1285 preces,
1105 1244 1229 1276 sacrifi-

101 1303 169 1343 cia,
201 1312 234 1335 et
266 1303 383 1335 vetitas
415 1302 638 1341 ceremonias;
672 1314 741 1333 non
766 1301 908 1333 alterum
935 1301 1041 1346 illud,
1075 1306 1167 1349 quod
1193 1306 1229 1339 fit

102 1364 354 1410 »potestative‚«
382 1373 418 1395 ut
436 1363 587 1407 loquitur
607 1363 766 1401 Thomas,
792 1372 824 1394 et
849 1376 916 1407 quo
939 1364 1079 1398 ecclesia
1103 1365 1152 1399 uti
1175 1381 1230 1400 so-

100 1427 157 1459 let.
204 1426 306 1458 Libro
333 1424 432 1457 etiam
464 1425 520 1458 ΙΙΙ.
543 1428 627 1470 περὶ
652 1423 786 1469 ἀρχῶν,
813 1438 883 1469 cap.
910 1424 942 1460 3.
965 1439 1058 1464 num,
1083 1427 1116 1463 3.
1141 1437 1174 1461 et
1197 1429 1228 1463 4.

100 1489 146 1521 ita
169 1488 212 1520 de
235 1486 346 1528 Magia
377 1486 524 1526 disserit,
569 1495 605 1518 ut
637 1499 698 1530 pro
731 1486 830 1518 noxia
863 1495 895 1518 et
928 1487 1115 1532 perniciosa
1146 1490 1230 1524 hauc

100 1550 209 1594 ipsum
234 1548 386 1580 habuisse
413 1557 551 1580 constet.

191 1611 229 1644 V.
279 1609 375 1652 Quae
411 1623 486 1641 cum
518 1609 562 1641 ita
595 1623 628 1641 se
661 1610 818 1649 babeant,
856 1610 961 1643 miror
992 1611 1024 1644 ld
1058 1613 1230 1658 scripsisse

101 1671 312 1705 Eustatliium
341 1671 606 1702 Audon-lienum:
639 1670 726 1704 [NJ-³
755 1671 772 1705 ὁ
802 1673 946 1717 κομψὸς
968 1673 1152 1718 Ὠριγένης
1176 1680 1230 1711 61²-

104 1736 364 1777 ὸίυ).ολιιιρειίις
389 1730 549 1777 ὄργανα,
583 1734 642 1765 καὶ
670 1737 947 1778 ιἐκρομανηίας
971 1733 1154 1780 εὑρήματα
1179 1741 1229 1782 τῷ

103 1797 162 1838 τῆς
198 1796 386 1838 ἐκκλησίας
416 1797 535 1829 θέλων
567 1794 844 1836 ἔπεισκυκλῆσαι
876 1797 998 1840 χορῷ,
1034 1799 1096 1831 τοῦ
1126 1803 1229 1834 θείου

102 1854 363 1900 καταψεύδεται
390 1854 613 1901 γράμματος.
661 1856 770 1888 Locus
801 1856 943 1889 habetur
974 1857 1005 1890 iu
1038 1858 1155 1892 libello
1187 1862 1229 1894 dc

102 1917 391 1963 Engastrimytlio,
423 1931 522 1962 quern
547 1917 736 1950 lucubravit
766 1918 808 1949 ad
842 1917 875 1950 id
907 1917 1127 1963 rejiciendum
1153 1922 1228 1956 Ori-

103 1980 194 2022 genis
219 1980 357 2021 dogma,
383 1992 448 2023 quo
479 1979 623 2012 animam
647 1978 754 2022 ipsam
787 1979 953 2012 Samuelis
984 1993 1000 2012 a
1031 1981 1229 2027 Pythonissa

103 2055 166 2086 per
200 2041 443 2073 incantamenta
476 2050 646 2072 evocatam
683 2040 843 2073 decrevit.
897 2041 1024 2075 Eadem
1050 2044 1091 2075 de
1116 2058 1228 2078 caussa

105 2102 267 2148 pecul'mri
297 2102 384 2134 libro
417 2101 597 2143 Origenem
629 2102 824 2134 Methodius
855 2102 976 2148 Tyrius
1013 2104 1155 2146 refellit,
1193 2117 1229 2139 ut

104 2174 222 2197 auctor
247 2173 295 2196 est
319 2163 544 2210 Hieronymus
576 2164 617 2196 de
649 2164 760 2208 script.
787 2164 902 2197 eccles.
929 2178 1001 2209 cap.
1028 2167 1081 2201 94.
1129 2168 1227 2201 Hunc

105 2227 204 2259 etiam
238 2235 333 2258 notat
371 2239 536 2265 errorem,
567 2239 747 2270 suppresso
781 2227 859 2260 lieet
893 2227 1048 2269 Origcnis
1081 2229 1227 2269 nominc,
