1403 2492
366 76 680 110 Omsnmmonum
713 75 823 108 Lmen
848 75 893 107 ΙΙ.
1122 74 1184 110 161

51 176 84 200 et
106 166 190 209 ignis
216 178 334 198 eorum
359 178 428 198 non
454 164 736 206 exstinguetur.«-¹‹
796 163 909 196 Simili
931 162 1007 205 igne
1032 162 1081 195 uri
1109 163 1186 196 dae-

51 241 169 261 mones
193 236 355 260 asseverat
379 226 506 259 Homil.
533 226 676 258 XXVII.
703 224 736 257 in
762 226 861 258 Num.
886 238 977 258 num.
992 224 1036 265 8.,
1060 238 1183 269 nempe

52 303 128 322 cum
153 288 306 322 homiues
329 301 346 320 a
373 287 459 320 vitiis
483 288 524 320 ad
549 286 691 319 meliora
718 299 898 319 conversos
923 295 1081 327 cernunt,
1110 296 1183 319 tum

52 365 133 384 vero
157 349 387 384 acerbissimas
411 362 468 382 eos
492 350 634 382 sufferre
659 361 802 392 poenas,
835 357 868 380 et
898 348 1027 382 meritis
1051 348 1183 390 ignibus

52 413 276 446 exardescere.

141 473 233 507 Alias
268 472 377 514 ignem
416 479 551 516 peecata
584 471 826 512 exedentem¹)
869 480 902 503 et
939 473 1183 512 absumentem,

52 536 164 568 Deum
189 535 298 578 ipsum
332 545 401 565 esse
435 532 521 570 vult,
553 542 695 577 propter
724 533 789 565 hoc
820 533 1008 566 Deuteron.
1036 534 1098 576 IV,
1128 534 1182 567 24.

55 595 272 629 »»Dominus
295 594 388 627 Deus
413 603 488 626 tuus
512 593 595 636 ignis
621 607 819 628 consumens
845 603 903 627 est.
914 608 953 625 «α
1004 595 1183 639 Indcho—

52 658 145 690 milia
169 657 202 690 in
225 657 351 689 Jerem.
377 655 416 687 ll.
441 668 531 687 num.
557 656 587 689 2.
623 666 655 689 et
679 658 772 689 XVI.
803 669 894 689 num.
921 657 952 690 5.
989 665 1021 688 et
1050 655 1081 690 6.
1107 656 1181 698 igne.

50 719 115 752 hoc
138 718 244 760 ligna,
277 718 433 755 foenum,
464 726 496 749 et
520 716 697 760 stipulam,
730 717 853 750 Christi
879 707 1101 750 fundamento
1127 731 1180 750 su—

50 789 245 826 perstructa,
271 791 373 823 opera
395 791 518 823 nempe
543 778 673 822 peccati
697 788 810 812 narrat
834 779 975 819 absumi,
1001 789 1180 824 postquam

48 841 158 875 anima
181 841 284 873 suerit
306 853 323 872 a
349 852 493 884 corpore
518 839 683 882 sejuncta:
717 854 832 873 aurum
866 854 964 880 vero,
998 850 1181 883 argentum,

51 913 83 937 et
107 902 426 945 gemmas„virtutes
450 901 596 940 scilicet,
630 911 662 934 et
687 911 777 934 recte
803 912 896 941 acta,
921 902 1049 935 illibata
1075 912 1107 935 et
1131 903 1181 934 in-

50 974 138 998 tacta
161 963 294 997 servari.
346 965 384 995 At
417 962 492 994 libr.
520 963 548 996 1.
583 966 666 1006 περὶ
690 963 830 1007 ἀρχῶν,
863 976 934 1008 cap.
964 964 992 998 1.
1030 977 1120 996 num.
1146 964 1179 998 2.

49 1027 116 1060 alio
142 1028 321 1070 detorquet
346 1025 460 1056 locum
485 1024 571 1056 hunc
595 1025 875 1065 Deuteronomii,
910 1039 981 1068 nec¹
1003 1039 1066 1069 pro
1092 1027 1182 1070 sutu-

48 1102 104 1122 rae
130 1089 215 1121 vitae
239 1085 437 1131 purgatione
462 1085 592 1129 accipit,
617 1087 675 1118 sed
700 1100 763 1130 pro
789 1087 972 1131 praesentis
996 1087 1094 1132 hujus
1111 1100 1181 1129 gra-

49 1151 95 1183 tia
118 1148 285 1181 mentibus
310 1146 461 1179 humanis
485 1159 502 1178 a
521 1146 596 1178 Deo
624 1146 741 1180 infusa.
786 1148 902 1192 »Quid
917 1148 1036 1188 enim,«
1064 1149 1182 1193 inquit,

54 1219 248 1244 »consumet
277 1210 370 1242 Deus
401 1208 586 1240 secundum
611 1208 692 1247 hoc,
728 1210 819 1254 quod
861 1210 943 1251 ignis
974 1210 1049 1244 est?
1067 1246 1070 1250 ,
1090 1213 1181 1259 Num

49 1273 206 1318 quidnam
238 1270 412 1315 putabitur
446 1282 643 1301 consumere
675 1269 848 1303 materiam
881 1273 1112 1316 corporalem,
1144 1283 1181 1306 ut

49 1345 98 1368 est
122 1334 260 1376 lignum,
287 1332 337 1364 vel
363 1332 512 1370 foenum,
540 1331 591 1363 vel
618 1331 758 1375 stipula;
791 1341 824 1364 et
856 1333 936 1376 quid
972 1335 1004 1366 in
1037 1336 1100 1367 hoc
1127 1336 1177 1368 di-

47 1409 147 1438 gnum
173 1395 214 1426 de
239 1392 305 1426 Dei
332 1393 485 1425 laudibus
511 1393 652 1429 dicitur,
685 1393 711 1424 si
746 1393 839 1425 Deus
870 1393 952 1435 ignis
985 1405 1034 1428 est
1066 1397 1179 1442 liujus*

47 1456 142 1489 modi
156 1455 310 1488 materias
324 1453 544 1487 consumens?
568 1454 635 1487 Sed
648 1454 680 1498 ²)
705 1454 966 1496 consideremus,
992 1457 1068 1502 quia
1086 1459 1179 1492 Deus

47 1516 213 1551 consumit
239 1516 375 1561 quidem
402 1525 435 1548 et
460 1515 667 1555 exterminat,
691 1516 751 1548 sed
776 1517 945 1550 consumit
959 1519 1062 1552 malas
1085 1533 1180 1553 men-

46 1579 132 1613 tium
156 1577 382 1620 cogitationes,
408 1576 576 1611 consumit
600 1586 689 1618 gesta
713 1577 834 1622 turpia,
861 1580 1029 1613 consumit
1048 1581 1180 1615 deside-

48 1641 95 1674 ria
118 1639 268 1686 peccati,
299 1653 373 1672 cum
398 1652 433 1672 se
459 1639 666 1672 credentium
700 1639 869 1672 mentibus
900 1640 1034 1682 inserit,
1067 1652 1100 1675 et
1125 1656 1178 1677 eas

46 1702 182 1744 animas,
207 1714 289 1746 quae
313 1700 416 1733 Verbi
441 1700 511 1745 ejus
535 1713 572 1732 ac
596 1700 789 1745 Sapientiae
814 1702 1007 1736 efficiuntur
1032 1717 1179 1749 capaces,

47 1778 113 1798 una
145 1777 220 1797 cum
252 1761 345 1795 Filio
370 1774 430 1793 suo
456 1761 660 1801 inhabitans,
699 1763 882 1795 secundum
914 1766 1006 1808 quod
1049 1766 1178 1800 dictum

50 1835 115 1858 est:
152 1825 271 1867 »»Ego
286 1825 322 1868 ³)
362 1833 394 1856 et
426 1823 527 1856 Pater
559 1822 748 1862 veniemus,
782 1833 814 1856 et
846 1825 1054 1858 mansionem
1086 1829 1176 1872 apud

51 1900 126 1919 eum
158 1886 381 1919 faciemusza«
426 1884 582 1917 omnibus
625 1898 742 1917 eorum
780 1886 867 1919 vitiis
899 1887 1176 1934 passionibusque

148 2054 175 2093 ¹)
201 2052 264 2084 Ed.
291 2052 328 2083 R.
354 2051 463 2082 male:
490 2053 716 2086 excedentem.

143 2109 176 2150 ²)
201 2107 286 2139 Edd.
312 2106 443 2139 Huctii:
469 2108 535 2140 Sed
551 2108 575 2140 si
602 2109 862 2149 consideremus,
888 2105 964 2154 (luia
980 2111 1073 2144 Deus
1099 2125 1177 2144 con-

49 2153 149 2186 sumit
175 2154 265 2197 quod
298 2151 502 2191 exterminat,
528 2152 554 2184 si
579 2154 746 2186 consumit
771 2163 832 2187 etc.

144 2211 178 2253 ³)
205 2209 272 2242 Cfr.
300 2221 348 2240 ev.
375 2210 495 2241 Joann.
519 2209 610 2245 XlV,
634 2208 686 2243 23.

97 2270 272 2304 ORIGENJS
299 2270 433 2302 Opem.
483 2269 576 2301 Tom.
604 2269 730 2301 ΧΧΙΗ.
939 2273 977 2307 11
