1403 2492
363 88 673 120 OMGENJANORUM
702 86 815 118 Lmen
843 85 884 117 ΙΙ.
1129 89 1190 122 105

62 178 238 212 Paulinam
267 177 465 211 sententiam
498 175 547 207 his
572 174 681 207 verbis
706 184 838 207 enarrat
859 187 950 208 num.
976 175 1007 209 2.
1043 177 1193 210 »Osten-

62 241 142 273 dere
175 240 262 279 vult,
299 239 391 284 qnod
421 238 530 270 multo
562 236 603 268 sit
628 235 752 268 fortior
774 236 860 276 vita,
897 250 996 281 quam
1021 251 1130 277 mors,
1161 248 1194 271 et

64 302 189 347 justitia
214 314 312 346 quam
337 309 527 345 peccatum,
559 308 591 330 et
622 312 684 342 per
708 299 773 330 hoc
800 299 961 338 edocere,
997 299 1074 343 quia
1097 299 1126 332 si
1150 299 1194 332 ita

63 377 125 408 per
149 373 323 408 peccatum
349 375 438 394 mors
470 372 606 402 regnare
637 360 670 392 in
698 359 855 392 omnibus
878 360 1003 404 potuit,
1027 361 1195 405 accipiens

64 438 103 457 ex
126 424 224 457 unius
251 424 394 465 hominis
427 421 657 455 inobedientia
683 420 835 461 initium,
873 431 998 465 quanto
1023 422 1196 466 potentius

65 495 98 518 ct
124 485 252 528 dignius
284 499 347 530 per
374 484 533 531 justitiam
565 483 631 515 vita
660 482 828 524 regnabit,
864 482 998 515 initium
1029 484 1196 529 accipiens

67 560 128 591 per
151 548 248 580 unius
272 547 498 580 obedientiam
517 543 688 579 Christi?«
738 545 808 577 Sed
833 553 866 577 et
892 544 1125 590 »simpliciore
1148 546 1199 579 in-

68 609 232 641 teliectu«
267 608 333 641 dici
366 621 465 652 posse
492 616 622 646 censet,
656 605 770 650 plures
795 605 863 638 vita
886 605 988 639 fuisse
1012 608 1156 640 donatos
1181 621 1199 641 a

68 670 219 709 Christo,
251 683 350 714 quam
384 678 494 702 morte
525 669 666 701 affectos
697 669 738 700 ab
762 668 913 709 Adamo;
949 669 1026 713 quia
1053 670 1200 702 Adamus

68 731 220 764 homiues
243 741 370 764 tantum
396 745 414 764 a
438 745 472 764 se
498 731 661 764 oriundos
693 730 786 763 letho
819 730 930 771 dedit;
961 730 1113 763 Christus
1144 745 1202 764 au-

69 801 138 824 tem
167 805 236 825 non
271 792 351 825 illos
382 802 528 831 tantum,
568 793 628 825 sed
658 792 770 837 ipsum
795 792 896 824 etiam
921 793 1090 825 Adamum
1113 794 1201 826 vitae

70 853 228 888 reddidit.
285 855 368 888 „Sic
394 867 522 896 ergo‚»
555 853 680 898 inquit,
723 854 862 899 »plures
889 853 1039 887 Christus
1070 856 1203 888 reducit

69 916 111 948 ad
147 916 284 961 vitam,⁴
310 929 409 962 quam
436 917 544 949 Adam
575 916 669 948 duxit
700 917 742 948 ad
779 926 941 957 mortem;
984 916 1062 961 quia
1101 918 1204 950 etiam

71 977 180 1022 ipsum
207 979 336 1019 Adame
367 978 424 1023 qui
449 977 568 1010 ceteris
594 991 706 1010 caussa
732 978 857 1011 exstitit
879 979 1016 1019 mortis,
1052 980 1204 1013 Christus

69 1040 241 1073 revocavit
271 1041 313 1073 ad
346 1041 485 1073 vitam.«
546 1040 725 1072 Postremo
758 1041 895 1072 tandem
927 1039 963 1072 id
992 1040 1026 1072 in
1058 1041 1205 1083 Origene

71 1102 185 1146 culpat
216 1103 409 1142 Jansenius,
442 1103 535 1146 quod
566 1102 798 1141 affirmaverit,
837 1102 1005 1134 Adamum
1037 1115 1106 1135 esse
1137 1104 1205 1136 sor-

72 1176 161 1195 mam
185 1164 308 1203 futuri,
332 1165 408 1208 quia
432 1164 562 1208 peccati
587 1163 690 1207 ipsius
715 1163 887 1206 exemplar
911 1163 1099 1203 imitantes,
1130 1173 1209 1209 pec—

73 1234 203 1258 catores
228 1225 342 1258 effecti
365 1234 452 1257 sunt.
508 1225 623 1257 Exstat
647 1224 733 1256 illud
760 1224 898 1268 quidem
930 1238 1006 1257 cum
1031 1225 1103 1258 aliis
1128 1226 1208 1259 libri

74 1287 171 1332 hujus
205 1287 313 1332 quinti
345 1287 378 1318 in
411 1300 464 1330 ep.
497 1288 537 1319 ad
562 1287 736 1319 Romanos
768 1286 870 1326 locis,
905 1296 980 1318 tum
1011 1289 1208 1331 praesertim

77 1361 190 1381 versus
213 1349 315 1381 finem
341 1361 431 1381 num.
450 1349 479 1382 5.
505 1349 555 1380 his
582 1348 708 1380 verbis:
737 1348 868 1380 »Dedit
893 1361 972 1389 ergo
998 1350 1107 1382 Adam
1131 1364 1211 1395 pec-

76 1409 244 1442 catoribus
268 1411 413 1443 formam
438 1423 500 1454 per
520 1409 806 1451 inobedientiam3
833 1409 982 1443 Christus
1000 1424 1080 1443 vero
1097 1425 1114 1444 e
1133 1426 1212 1445 con-

76 1471 178 1503 trario
203 1471 299 1516 justis
322 1472 468 1504 sormam
493 1485 555 1516 per
580 1471 809 1504 obedientiam
827 1472 1028 1515 posuit.....
1050 1473 1213 1518 Propter-

77 1546 115 1566 ea
139 1534 228 1566 enim
253 1543 286 1566 et
315 1533 388 1578 ipse
421 1547 460 1565 »»
471 1534 633 1566 obediens
650 1534 681 1578 ¹)
711 1534 894 1566 factus==est
923 1547 1029 1578 usque
1057 1536 1099 1567 ad
1123 1549 1215 1568 mor-

79 1604 215 1635 tem‚««
246 1595 329 1638 ut‘2)
361 1595 420 1640 qui
452 1595 664 1628 obedientiae
700 1594 770 1640 ejus
799 1604 986 1639 sequuntur
1010 1597 1214 1641 exemplum,

79 1656 158 1703 justi
183 1656 429 1690 constituantur
451 1658 493 1689 ab
516 1657 588 1700 ipsa
611 1657 754 1703 justitia,
779 1656 866 1689 sicut
889 1657 940 1689 illi
965 1657 1216 1691 inobedientiae

83 1719 228 1750 formam
259 1728 436 1762 sequentes
462 1719 636 1750 constituti
660 1729 737 1751 sunt
760 1729 965 1763 peccatores.
1015 1720 1141 1753 Verum
1166 1734 1218 1753 re-

83 1779 196 1824 petitis
222 1792 357 1824 quoque
383 1779 461 1811 libri
488 1778 637 1824 ejusdem
654 1779 866 1820 testimoniis,
891 1781 1059 1813 Adamum
1089 1782 1216 1815 idcirco

85 1842 228 1874 formam
263 1841 369 1873 futuri
406 1840 534 1873 dictum
568 1842 781 1885 pronuntiat,
818 1842 910 1886 quod
944 1841 1069 1875 Christi
1100 1853 1219 1889 typum

85 1903 277 1946 praeferret.
339 1901 444 1945 Quod
477 1902 594 1948 adjicit
630 1913 761 1942 autem,
804 1916 866 1947 per
895 1903 1218 1948 praevaricationem

87 1963 278 1996 hominibus
302 1964 446 1997 formam
477 1965 640 2009 peccandi
673 1965 865 2009 praebuisse
900 1966 1083 2006 Adamana,
1120 1977 1220 2012 atque

86 2025 130 2057 ita
157 2034 349 2069 peccatores
378 2026 578 2059 constitutos
612 2026 712 2059 fuisse
743 2027 890 2066 multos,
922 2037 1097 2071 peccatum
1130 2029 1221 2061 aliud

184 2129 214 2168 1)
242 2125 380 2170 Phinpp
405 2126 452 2165 11.
476 2128 508 2160 ὅ.

182 2183 216 2223 ²)
243 2181 327 2213 Edd.
354 2182 485 2214 Huetii:
533 2193 596 2215 »ut
629 2183 684 2227 qui
717 2182 1140 2217 inobedientiae‘formam
1174 2199 1223 2216 se-

91 2236 228 2270 quentes
266 2227 436 2259 constituti
474 2238 547 2260 sunt
585 2238 796 2272 peccatores,
837 2230 1065 2263 obedientiam
1099 2230 1225 2264 Christi

92 2272 257 2305 imitantes
281 2272 362 2304 salvi
388 2273 503 2305 siant«
