1403 2492
402 59 716 93 Omenmtmonum
747 59 861 92 Lunna
885 57 929 90 ΙΙ.
1165 59 1231 95 227

91 150 192 183 etiam
217 151 337 183 Latino
363 148 560 183 testimonio
585 147 739 193 adjecto,
768 147 847 192 quia
871 147 999 181 dicium
1023 147 1083 180 sit:
1114 149 1152 181 ln
1177 161 1232 182 ae-

92 222 237 252 ternum,
263 223 311 246 et:
338 213 376 245 In
401 211 572 244 saeculum
597 210 767 243 saeculi:«
811 210 995 254 respondet
1027 209 1231 251 Augustinus

92 287 164 319 cap.
191 274 222 308 6.
249 284 281 307 et
306 275 354 315 7.‚
385 272 556 315 geminum
588 284 658 304 esse
691 271 902 304 intellectum
927 270 1018 304 vocis
1043 269 1145 311 αἷών,
1171 271 1231 305 ali-

90 336 228 381 quando
255 336 439 375 saeculum,
463 334 644 379 aliquando
669 333 901 366 aeternitatem
921 332 1088 375 notantis;
1113 342 1146 366 at
1171 346 1231 365 vo-

96 410 168 429 cem
191 395 338 435 αἰώνιος
361 398 460 429 rebus
484 396 550 428 fine
575 394 763 428 carentibus
787 393 919 438 imponi
951 395 1074 428 solere.
1122 394 1228 438 Quod

91 459 136 491 ita
160 468 274 492 tamen
306 472 374 492 non
408 471 478 491 esse
510 467 544 490 et
573 469 635 489 nos
665 469 764 500 supra
795 455 1033 500 probavimus,
1073 465 1106 490 et
1129 456 1229 490 facile

92 521 259 564 probatur
290 532 328 553 ex
362 521 494 553 duobus
527 518 722 562 Scripturae
761 516 864 556 locis,
902 530 986 561 quos
1016 517 1079 550 sibi
1110 517 1230 564 objicit

93 581 306 624 Augustinus,
331 590 363 614 et
388 582 521 621 frustra,
545 580 573 613 si
587 580 668 624 quid
685 578 794 618 video,
818 578 951 611 solvere
968 578 1095 621 satagit.
1127 579 1227 612 Prior

91 642 284 688 saepissime
310 642 344 675 in
360 643 591 675 Pentateucho
617 639 776 679 occurrit,
801 652 888 678 cum,
906 640 1108 674 ceremoniis
1125 650 1159 674 et
1182 641 1227 674 ri-

89 703 178 737 tibus
202 703 300 746 Legis
325 703 479 748 antiquae
505 702 684 741 institutis,
712 701 796 734 dicit
818 701 931 734 Deus:
978 701 1142 746 »»Hoc¹)
1168 715 1227 734 vo-

88 765 138 798 bis
164 765 228 798 erit
251 764 440 807 legitimum
465 773 693 796 aeternum.««
745 762 994 807 »Quamquam,
1020 762 1129 807 iuquit
1156 765 1224 796 Au-

88 826 250 869 gustinus,
274 825 302 858 si
319 824 511 868 diligentius
530 824 616 857 dicta
633 823 875 866 intelligantur,
900 837 937 856 ea
954 824 1115 864 fortassis,
1139 838 1226 870 quae

87 887 154 920 illis
178 887 391 920 sacramentis
416 886 699 929 significabantur,
724 886 824 918 finem
850 899 918 918 non
943 894 1036 918 erant
1060 885 1224 920 habitura.

87 949 135 981 lta
167 948 275 988 enim,
307 962 350 982 ne
379 949 515 990 longius
547 949 683 987 abeam,
719 947 863 980 dicimus
893 956 1067 980 aeternum
1097 947 1222 989 Deum,

86 1023 155 1043 non
179 1010 297 1056 utique
320 1011 398 1043 istas
423 1010 505 1042 duas
530 1009 741 1042 brevissimas
764 1009 930 1054 syllabas,
960 1009 1020 1041 sed
1055 1010 1148 1053 quod
1182 1010 1222 1043 iis

86 1071 321 1113 significatur.«
372 1071 479 1114 Quasi
512 1084 592 1103 vcro
626 1083 700 1102 cum
732 1070 838 1102 sancit
870 1070 980 1109 Deus,
1016 1079 1054 1103 ut
1087 1073 1224 1105 nonnisi

87 1130 224 1166 indutus
248 1132 344 1165 lineis
369 1131 584 1164 feminalibus
609 1131 878 1164 Tabernaculum
904 1131 1091 1164 testimonii
1114 1133 1223 1176 ingre-

87 1195 199 1227 diatnr
223 1196 356 1235 Aar0u3
382 1193 561 1238 additque:
589 1192 831 1234 »»Legitimum
844 1193 877 1238 ²)
901 1193 1144 1238 sempiternum
1160 1195 1224 1229 erit

86 1258 212 1296 Aaron,
238 1265 270 1288 et
293 1255 413 1288 semini
438 1254 509 1300 ejus
533 1264 611 1299 post
636 1267 780 1286 eum:««
807 1253 842 1286 id
866 1266 936 1286 non
959 1255 1002 1287 ad
1025 1257 1222 1291 mandatum

86 1317 239 1362 proxime
264 1317 464 1357 institutum,
489 1317 548 1349 sed
572 1317 613 1348 ad
641 1315 836 1360 mysterium
857 1316 1015 1348 mandato
1031 1316 1096 1350 hoc
1119 1319 1221 1361 signi-

86 1379 223 1412 ficatum
246 1378 422 1422 pertineat.
471 1377 575 1420 Quasi
599 1376 666 1416 has,
692 1389 776 1420 quae
799 1376 953 1420 proxime
969 1377 1114 1422 scriptae
1130 1391 1222 1422 sunt,

85 1440 227 1486 syllabas
253 1439 440 1481 legitimum
474 1439 717 1483 sempiternum
751 1450 822 1470 esse
851 1438 950 1471 velit:
981 1451 1050 1471 non
1082 1453 1220 1484 praece-

85 1511 180 1546 plum
204 1501 340 1547 syllabis
363 1501 430 1533 illis
454 1500 666 1540 institutum,
698 1500 811 1544 quoad
836 1498 985 1540 literam,
1016 1513 1084 1534 non
1105 1505 1219 1547 quoad

84 1562 301 1605 anagogicum
324 1575 467 1597 sensum.
516 1561 610 1606 Quid
644 1570 693 1594 est
723 1570 834 1594 autem
866 1560 998 1594 literam
1031 1564 1215 1607 destruere,

85 1624 112 1657 si
135 1625 200 1657 hoe
223 1637 293 1657 non
318 1623 390 1657 est?
412 1625 491 1656 Non
512 1623 621 1655 minus
647 1622 776 1656 validus
806 1631 856 1655 est
885 1635 1027 1667 sequens
1058 1625 1154 1660 locus
1178 1641 1216 1661 ex

86 1686 181 1730 epist.
207 1686 250 1718 ad
274 1685 341 1718 Tit.
366 1686 392 1723 l,
417 1685 446 1718 2.
499 1685 643 1728 »»Spem
676 1684 762 1717 vitae
793 1693 965 1724 aeternae,
1002 1699 1101 1730 quam
1133 1702 1216 1733 pro-

85 1747 176 1780 misit
203 1759 273 1779 non
296 1746 438 1778 mendax
457 1745 550 1777 Deus
570 1754 644 1776 ante
665 1753 819 1789 tempora
840 1754 1039 1780 aeternam«
1066 1748 1214 1783 Graece:

85 1807 156 1854 πρὸ
176 1807 323 1853 χρόνων
347 1809 514 1841 αἰωνίων.
566 1807 672 1840 »Cum
703 1816 833 1847 autem,
864 1806 992 1851 inquit,
1027 1819 1213 1844 retrorsum

84 1879 239 1913 tempora
263 1881 281 1901 a
305 1867 548 1901 constitutione
570 1868 688 1900 mundi
714 1868 837 1901 habere
868 1868 1045 1902 videantur
1068 1871 1212 1913 initium,

85 1931 260 1975 quomodo
285 1938 362 1962 sunt
385 1938 529 1970 aeterna,
555 1929 618 1962 nisi
643 1929 719 1974 quia
743 1939 876 1964 aeterna
901 1930 1000 1971 dixit,
1027 1945 1111 1977 quae
1136 1943 1211 1967 ante

85 2003 119 2023 se
143 2004 212 2024 non
236 1991 359 2023 habent
380 1990 487 2023 ullum
512 1991 694 2035 tempus2«
728 1992 832 2037 Atqui
861 1991 992 2025 nullum
1024 1993 1105 2026 licet
1128 2003 1212 2028 tem-

86 2065 147 2095 pus
172 2061 325 2094 tempora
350 2051 406 2083 illa
429 2053 658 2096 praecesserit,
683 2053 724 2085 ab
748 2053 844 2087 initio
863 2063 974 2087 tamen
993 2054 1106 2100 aliquo
1133 2069 1212 2102 pro-

183 2187 214 2229 ¹)
241 2184 311 2218 Csr.
338 2185 473 2218 Levitic.
499 2187 591 2226 XVl,
616 2188 668 2221 29.
695 2188 747 2221 34.

182 2242 214 2282 ²)
241 2241 344 2272 Exod.
371 2241 532 2280 xxvm,
557 2242 609 2276 43.

882 2306 952 2337 123*
