1403 2492
498 74 690 108 Excunsus
1101 73 1167 108 343

28 173 67 197 ut
91 165 276 204 credamus,
302 173 338 197 ut
363 163 443 196 casti
467 163 580 203 simus,
604 172 642 195 ut
667 171 822 204 oremus3
846 163 905 195 sed
931 162 1032 194 etiam
1056 162 1163 206 ipsam

30 225 144 267 fidem,
168 225 363 265 castitatem,
388 224 577 257 orationem
607 224 640 256 in
664 224 762 256 nobis
789 223 1018 268 omnipotenti
1044 225 1166 256 volun-

29 296 97 320 tate
122 286 266 331 operari.
313 287 383 320 Sed
406 295 519 319 tamen
553 286 631 330 quia
662 285 696 318 in
729 285 795 318 hoc
826 298 946 327 genere
978 285 1167 329 plurimum

30 349 72 381 de
97 348 252 390 Origenis
276 349 364 381 fama
389 348 577 380 detractum
603 357 669 389 est,
701 347 892 392 promenda
915 356 992 379 sunt
1015 347 1167 390 magnifi-

31 409 181 444 centiora
205 409 313 443 adhuc
339 409 541 443 testimonia.
595 408 674 441 Vim
698 408 811 452 primo
838 408 915 441 loco
942 409 1066 450 gratiae
1093 410 1166 442 effi-

30 470 114 504 cacis
137 471 261 515 repetit
287 485 325 504 ex
351 471 581 516 omnipotenti
606 470 672 503 Dei
705 469 878 502 voluntate
911 470 967 503 lib.
996 471 1052 504 lll.
1086 485 1166 504 con-

29 541 80 565 tra
105 532 244 566 Celsum
274 546 365 567 num.
391 534 445 569 59.
470 533 524 567 60.
549 532 603 567 65.
629 532 682 567 66.
707 532 760 566 69.
787 532 858 570 70.,
892 530 1030 576 ejusque
1057 533 1166 566 omni-

27 594 216 638 potentiam
249 595 392 629 mirifice
425 604 538 628 censet
569 594 603 626 in
641 594 705 626 hoc
738 593 860 636 gratiae
894 594 986 625 dono
1013 594 1165 627 elucere:

29 656 64 688 in
88 669 155 701 quo
182 657 321 701 quidem
354 669 571 690 communem
605 655 755 688 omnium
791 654 1060 688 Christianorum
1091 670 1166 689 sen-

27 718 169 750 tentiam
195 719 382 755 consu-mat.
423 719 540 752 Celsus
564 717 653 750 enim
677 717 712 749 in
737 716 786 749 his
812 716 896 749 locis
919 716 1008 749 ridet
1035 727 1068 750 et
1092 731 1167 751 exa-

27 779 110 821 gitat
141 779 364 820 Christianos,
402 781 513 825 quod,
550 793 626 812 cum
664 788 858 824 peccatores
891 778 932 810 ad
964 778 1165 821 religionem

30 841 250 875 Christianam
275 841 471 882 invitarent,
498 851 530 874 et
552 842 667 873 Deum
692 839 928 884 peccatoribus
952 840 1090 873 missum
1116 843 1166 875 di-

29 912 161 943 cerent,
187 917 263 944 eos,
294 903 368 948 qui,
400 912 439 935 ut
462 902 534 947 ipse
561 903 694 942 Celsus,
727 901 839 934 innata
864 910 896 933 et
922 903 1165 935 consuetudine

32 965 229 997 confirmata
254 964 333 997 vitia
352 964 523 997 emendari
548 977 616 996 non
641 976 741 1008 posse
769 963 958 1002 censebant,
983 963 1048 996 hoc
1073 964 1164 997 dicto

27 1026 245 1059 refellebant:
279 1025 472 1068 δυνήσεται
495 1024 616 1060 πάντα
644 1024 661 1060 ὁ
687 1023 783 1064 θεός.
831 1026 1099 1058 Accommodate
1123 1027 1165 1059 ad

29 1087 113 1120 hanc
136 1088 340 1120 sententiam
371 1087 418 1120 sic
444 1087 597 1132 loquitur
623 1086 785 1129 Origenes
812 1087 870 1120 lib.
895 1086 919 1119 l.
946 1095 1062 1119 contra
1087 1087 1165 1120 Cel-

28 1162 102 1182 sum
125 1163 219 1186 num.
242 1150 297 1185 43.
347 1150 448 1182 »Jesu
480 1149 620 1182 virtutes
651 1161 721 1181 non
754 1147 904 1180 enituere
937 1149 1049 1181 solum
1080 1159 1167 1182 tem-

29 1224 114 1256 pore
145 1211 225 1251 illo,
261 1225 328 1256 quo
360 1224 484 1256 corpus
512 1210 649 1243 indutus
681 1223 758 1242 cum
789 1208 984 1242 hominibus
1016 1221 1164 1245 versatus

30 1281 122 1314 est;«
148 1273 207 1305 sed
231 1285 336 1318 usque
362 1273 471 1305 adhuc
496 1271 515 1316 ἡ
539 1272 655 1315 Ἰησοῦ
674 1271 831 1316 δύναμίς
848 1272 946 1306 ἐστιν
963 1272 1165 1317 ἐνεργοῦσα

32 1333 102 1377 ’τὴν
125 1334 355 1381 ἐπιστροφὴν
386 1337 446 1369 καὶ
470 1333 536 1377 τήν
558 1337 747 1379 βελτίωσιν
779 1335 819 1368 ἐν
849 1338 923 1372 τοῖς
954 1334 1165 1370 πιστεύουσι

29 1396 73 1431 δι’
99 1395 210 1431 αὐτοῦ
242 1399 291 1441 τῷ
323 1398 410 1441 θεῷ.
456 1397 570 1428 Docet
602 1396 661 1428 lib.
688 1396 729 1428 lI.
762 1408 853 1428 num.
879 1393 956 1435 38„
992 1395 1164 1430 Christum

27 1457 168 1498 venisse,
199 1467 257 1490 »ut
281 1457 470 1490 doctrinam
493 1471 588 1490 suam
612 1457 779 1502 stupendo
806 1470 944 1501 prorsus
974 1459 1101 1498 modo,
1132 1469 1165 1492 et

28 1519 141 1552 divina
164 1520 307 1564 quadam
331 1519 529 1564 potentia,«
564 1518 655 1563 μετά
687 1532 783 1558 τινος
808 1517 999 1561 δυνάμεως
1022 1524 1164 1556 θειοτέ-

28 1594 103 1626 ρας,
130 1580 185 1613 »in
208 1580 391 1613 humanum
423 1593 526 1623 genus
559 1580 828 1614 disseminaret.«
878 1580 1098 1614 Demonstrat
1128 1582 1163 1615 in

27 1641 86 1675 lib.
114 1642 174 1674 ΙΙΙ.
199 1651 316 1675 contra
341 1643 486 1674 eundem
513 1643 649 1675 Celsum
673 1656 764 1675 num.
786 1641 852 1681 68,
875 1641 1066 1686 plurimum
1092 1657 1162 1677 esse

29 1703 231 1736 discriminis
255 1703 344 1736 inter
371 1704 620 1748 Apostolorum
652 1703 879 1748 persuadendi
910 1703 1095 1745 rationem,
1131 1715 1164 1738 ct

25 1765 323 1811 philosophorum,
350 1778 495 1810 quorum
520 1766 656 1798 suadela
680 1764 905 1798 nihil'habuit
921 1778 1022 1810 supra
1046 1766 1164 1800 huma-

27 1840 103 1860 nam
127 1836 290 1860 naturam.
335 1825 380 1861 ‘H
411 1827 441 1862 δ’
475 1826 660 1867 ἀπόδειξις
691 1829 731 1863 ἐν
761 1832 836 1866 τοῖς
855 1826 972 1870 Ἰησοῦ
999 1827 1163 1864 ἀποστό-

28 1891 103 1928 λοις
125 1887 262 1924 θεόθεν
286 1889 460 1933 δοθεῖσα,
494 1889 640 1933 πιστικὴ
674 1889 747 1924 ἀπὸ
778 1888 985 1933 πνεύματος
1008 1892 1069 1924 καὶ
1095 1892 1163 1925 δυ-

27 1948 181 1996 νάμεως.
221 1949 362 1997 Διόπερ
386 1949 536 1996 τάχιστα
561 1954 622 1986 καὶ
649 1950 800 1991 ὀξύτατα
826 1951 987 1997 ἔδραμεν
1011 1950 1029 1986 ὁ
1055 1951 1163 1997 λόγος

29 2011 164 2047 αὐτῶν·
199 2015 343 2056 μᾶλλον
376 2013 415 2047 δὲ
449 2011 467 2048 ὅ
492 2016 554 2049 τοῦ
579 2015 682 2056 θεοῦ,
712 2012 756 2047 δι’
784 2012 903 2047 αὐτῶν
926 2013 1164 2057 μεταβάλλων

28 2070 186 2113 πολλοὺς
207 2076 282 2108 τῶν
307 2072 534 2122 ἁμαρτάνειν
562 2073 801 2122 πεφυκότων,
838 2077 899 2109 καὶ
924 2078 1161 2120 εἰθισμένων·

30 2132 94 2174 οὓς
117 2134 202 2171 οὐδὲ
226 2134 388 2178 κολάζων
416 2138 487 2183 μὲν
519 2134 566 2171 ἄν
591 2151 641 2176 τις
665 2134 876 2182 ἀνθρώπων
899 2141 1115 2182 μετέβαλεν,
1144 2138 1162 2174 ὁ

31 2196 71 2232 δὲ
101 2194 210 2242 λόγος
239 2202 474 2243 μετεποίησε,
509 2197 711 2245 μορφώσας
743 2202 802 2232 καὶ
835 2196 1003 2238 τυπώσεις
1034 2199 1164 2239 αὐτοὺς

31 2257 121 2293 nan}
147 2257 187 2293 τὸ
212 2258 325 2294 αὐτοῦ
350 2259 528 2306 βούλημα.
577 2261 717 2294 Dixerat
743 2270 818 2293 ante
844 2260 900 2293 lib.
931 2261 970 2294 ll.
998 2275 1088 2295 uum.
1110 2262 1162 2296 72.
