1403 2492
353 127 664 160 Omssnmuoaum
696 126 810 159 Lmen
836 126 880 159 11.
1133 125 1177 161 53

41 215 218 249 catholico
243 216 409 260 Spiritum
431 225 600 256 sanctum,
631 217 688 248 sed
724 215 906 257 pelagiano
937 217 1044 257 legem
1079 224 1175 248 natu-

38 289 105 316 rae,
131 289 230 321 quam
255 277 422 310 mentibus
447 276 575 321 Spiritu
601 276 667 309 Dei
701 276 766 309 vivi
798 289 837 309 ex
868 277 1100 319 institutione,
1136 286 1172 308 ut

39 336 111 382 ipsc
146 337 241 382 loqui
279 339 378 378 solet,
417 337 577 370 creatoris
602 337 798 383 impressam
823 338 1011 380 gerimus:«
1053 339 1172 384 (verb't

36 399 141 443 ipsius
168 402 278 441 sunt):
308 409 366 431 »et
390 412 518 444 quae,«
552 399 669 442 (verba
701 409 777 432 sunt
802 398 959 441 Origenis
984 401 1042 434 lib.
1070 400 1113 433 ll.
1137 400 1170 433 in

37 472 90 504 ep.
124 461 165 492 ad
198 461 296 493 Rom.
331 473 421 493 num.
445 460 476 494 9.
510 469 540 492 et
575 459 633 492 lib.
659 461 716 493 Vl.
752 473 843 493 num.
867 459 937 505 8.),
969 461 1028 494 nin
1061 461 1171 494 homi-

35 534 115 552 num
150 522 307 554 cordibus
343 521 466 566 scripta
499 530 565 560 est,
602 534 670 553 non
708 530 913 561 atramento,
946 522 1006 554 sed
1038 521 1170 566 Spiritu

34 583 101 616 Dei
135 583 246 624 vivi3«
280 595 363 627 quae
397 583 527 615 »docet
550 583 871 628 unumquemque¹)
898 583 979 628 quid
1003 584 1170 626 agendum

34 644 98 684 sit,
123 645 205 690 quid
229 645 432 683 cavendum,
458 653 491 676 et
513 657 576 688 per
600 657 700 689 quam
726 644 899 688 cognoscit
921 645 1026 677 homo
1050 657 1171 689 pecca-

37 716 106 738 tum
143 719 284 746 suum;«
327 718 478 750 quaeque
516 705 711 738 hominibus
745 706 880 746 suadet,
924 718 991 738 »ne
1025 704 1168 737 homici—

35 767 139 807 dium,
163 780 204 799 ne
229 767 432 800 adulterium
458 767 590 806 faciant,
615 781 656 800 ne
679 769 844 808 furentur,
867 780 910 800 ne
927 767 1049 800 falsum
1073 765 1167 798 testi—

31 827 183 860 monium
208 828 331 868 dicant,
354 837 393 860 ut
416 829 585 861 honorent
607 838 739 874 patrem
764 838 796 862 et
820 839 973 869 matrem,
998 828 1167 861 ethorum

31 889 170 930 similia;
194 889 343 922 fortassis
368 899 401 923 et
426 891 518 934 quod
541 890 635 922 Deus
652 904 738 923 unus
756 900 887 924 creator
903 889 946 922 sit
961 889 1114 922 omnium
1128 902 1164 931 3«

31 950 119 996 juxta
144 951 230 983 illud
255 951 352 984 Pauli
376 952 476 984 Rom.
504 952 547 992 ll,
576 952 626 986 14.
654 952 702 987 15.
755 969 771 984 a»
783 967 800 981 »
814 952 900 985 Cum
926 951 1016 984 enim
1040 959 1165 993 gentes,

29 1026 113 1057 quae
139 1013 245 1055 legem
270 1026 338 1045 non
364 1014 507 1054 habent,
529 1014 727 1047 naturaliter
751 1014 835 1059 ea²)
862 1026 948 1058 quae
974 1012 1055 1055 legis
1078 1021 1166 1052 sunt,

29 1074 172 1115 faciunt,
197 1075 248 1115 hi,
276 1075 384 1117 legem
415 1089 483 1108 non
509 1075 688 1115 habentes,
715 1076 779 1120 ipsi
803 1075 867 1108 sibi
893 1084 970 1108 sunt
993 1076 1060 1107 lex:
1093 1073 1164 1117 Qui

28 1137 210 1168 ostendunt
240 1149 324 1181 opus
357 1137 438 1179 legis
472 1137 636 1181 scriptum
670 1137 702 1169 in
736 1137 895 1170 cordibus
918 1137 1044 1181 suis‚³)
1073 1135 1165 1168 testi-

27 1197 181 1229 monium
206 1199 370 1230 reddente
395 1198 461 1231 illis
488 1199 691 1232 conscientia
716 1198 878 1243 ipsorum,
904 1208 937 1231 et
960 1198 1050 1231 inter
1065 1211 1100 1230 se
1113 1198 1163 1230 in—

27 1259 134 1290 vicem
167 1258 428 1300 cogitationibus
460 1260 709 1299 accusantibus,
738 1269 795 1292 aut
826 1259 926 1292 etiam
953 1258 1166 1292 defendenti-

27 1322 156 1353 hus.·«
206 1320 342 1353 Semina
367 1331 540 1365 praeterea
570 1321 629 1353 ilia
660 1320 821 1353 bonitatis
856 1334 874 1353 a
904 1330 1022 1354 natura
1053 1321 1163 1353 homi-

26 1396 107 1415 num
131 1383 299 1415 mentibus
323 1382 440 1422 insita,
470 1395 554 1427 quae
585 1382 739 1427 proxime
771 1382 881 1415 allatis
904 1383 1047 1415 adstruit
1069 1381 1163 1415 testi-

25 1444 149 1476 moniis
173 1443 352 1486 Origenes,
383 1444 483 1488 plane
507 1442 616 1489 rejicit
638 1443 816 1477 Jansenius
840 1443 926 1477 locis
950 1457 1052 1489 supra
1074 1443 1156 1476 indi-

27 1506 116 1546 catis,
140 1506 198 1538 sed
223 1505 405 1550 praecipue
429 1506 530 1539 Tom.
554 1506 577 1539 l.
603 1505 678 1539 libr.
702 1506 733 1539 4.
760 1519 831 1551 cap.
858 1507 889 1541 7.

117 1567 256 1599 Certum
290 1576 338 1600 est
368 1567 449 1600 haec
479 1567 579 1600 Pauli
611 1568 712 1600 verba
736 1567 812 1601 Gal.
837 1569 885 1607 V,
910 1567 963 1602 17.
1014 1581 1030 1595 »
1043 1581 1059 1596 n
1072 1566 1159 1599 Caro

26 1630 115 1662 enim
141 1629 350 1674 concupiscit
372 1630 529 1662 adversus
553 1629 730 1674 spiritum;
751 1629 889 1674 spiritus
913 1638 1027 1661 autem
1043 1629 1160 1661 adver-

26 1704 78 1724 sus
103 1703 308 1724 carnem:««
335 1691 376 1723 ad
401 1690 568 1735 Spiritum
592 1700 742 1723 sanctum
767 1703 785 1723 a
809 1690 965 1724 Patribus
988 1689 1160 1735 plerisque

27 1752 160 1785 referri:
192 1761 224 1784 at
261 1761 390 1784 certum
423 1764 559 1796 quoque
585 1761 651 1792 est,
683 1753 798 1797 plures
823 1752 924 1785 etiam
948 1751 1160 1796 superiorem

27 1814 122 1846 illam
145 1813 273 1846 animae
298 1823 446 1858 partem,
478 1826 576 1858 quam
603 1812 826 1860 ἡγεμονικόν
848 1814 1040 1858 appellant,
1063 1811 1161 1857 spiri-

27 1884 80 1906 tus
112 1875 338 1919 appellatione
373 1875 423 1907 his
453 1875 672 1917 significatam
705 1875 862 1908 voluisse.
916 1875 1048 1907 Multos
1079 1885 1161 1918 pro-

28 1937 170 1975 ferrem,
198 1936 225 1967 si
247 1949 389 1969 numero
414 1938 631 1981 pugnandum
658 1947 762 1977 esset,
794 1938 853 1970 sed
876 1950 963 1970 unus
987 1935 1081 1969 omni
1107 1948 1161 1968 ex-

27 1998 184 2043 ceptione
207 1997 315 2042 major
339 1999 525 2032 adducetur
546 1999 761 2042 Augustinus.
810 2000 842 2031 Is
865 1999 940 2032 libr.
958 1998 1001 2032 Il.
1026 1998 1069 2030 de
1093 1996 1162 2030 Ge-

28 2060 98 2092 nesi
134 2068 249 2092 contra
279 2060 516 2101 Manichaeos,
540 2074 612 2106 cap.
639 2061 714 2101 11.,
750 2061 946 2107 conjugium
976 2057 1097 2093 Adami
1128 2067 1162 2090 et

127 2187 157 2233 ¹)
183 2190 289 2222 Deest
318 2202 643 2235 »unumquemque«
672 2190 704 2223 in
730 2191 805 2223 edd.
831 2191 872 2224 H.

122 2247 155 2289 ²)
182 2245 286 2277 Deest
316 2258 405 2277 »ea«
433 2245 465 2278 in
491 2247 542 2279 ed.
566 2248 682 2280 Ruaei.

121 2302 156 2344 ³)
183 2301 269 2334 Edd.
297 2299 429 2335 Huetii:
457 2318 473 2332 »
485 2301 621 2343 faciunt,
647 2303 812 2348 ejusmodi
837 2303 970 2344 legem«
997 2310 1057 2333 otc.
