1403 2492
406 64 718 98 Omessmmonum
749 62 861 96 Limen
887 62 929 95 ΙΙ.
1159 62 1226 97 285

97 153 253 186 stamenti
278 153 429 193 Veteris,
464 153 521 186 sed
555 160 701 185 mentem
735 151 775 184 ad
807 151 999 193 sanguinem
1025 150 1166 191 Christi,
1193 162 1224 185 et

97 215 298 248 sacrificium
323 217 438 248 Novae
462 214 556 257 Legis
580 226 651 246 esse
682 213 881 255 erigendam.
930 213 1016 257 Quis
1047 212 1100 246 hic
1125 213 1226 246 cavil-

100 276 220 309 lationi
245 276 368 310 locus?

191 339 345 372 Sumtum
374 351 391 370 e
417 338 503 370 libro
529 337 619 371 VIII.
645 346 761 370 contra
792 336 880 371 Cels.
904 350 995 370 num.
1018 335 1072 372 33.
1098 345 1229 381 postre-

101 411 194 432 mum
219 400 374 442 Origenis
404 398 633 432 testimonium
666 399 713 431 sic
743 411 778 431 sc
809 398 926 432 habet:
956 397 1081 442 ἹῙμεῖς
1112 398 1151 433 δὲ
1178 398 1227 442 τῷ

101 462 165 495 τοῦ
190 461 326 500 παντὸς
350 462 562 507 δημιουργῷ
587 459 891 507 εὐχαριστοῦντες,
906 459 939 504 ¹)
965 462 1025 494 καὶ
1047 458 1128 498 τοὺς
1151 457 1226 503 μετ’

102 522 326 568 ει’·χαριστίας
349 525 408 557 καὶ
434 522 538 568 εὐχῆς
559 523 619 565 τῆς
643 522 703 556 ἐπὶ
727 525 800 561 τοῖς
823 522 962 556 δοθεῖσι
990 522 1228 566 προσαγομέ-

103 597 187 623 rom,-
213 581 343 630 ἄρτους
365 585 556 630 ἐσθίομεν,
589 585 695 628 σῶμα
727 587 946 629 γενομένους
977 581 1038 618 διὰ
1067 581 1134 625 τήν
1167 581 1229 617 εὐ-

99 644 172 690 χὴν
196 644 303 692 ἅγιόν
323 660 372 689 τι,
397 648 458 680 καὶ
488 643 641 690 ἁγιάζον
663 645 746 684 τούς
766 644 849 692 μεθ’
877 643 999 690 ὑγιοῦς
1022 647 1230 689 προθέσεως

103 707 200 752 αὐτῷ
227 711 447 753 χρωμένους.
501 706 638 740 Celsum
668 706 796 739 refellit
828 706 1006 749 Origenes,
1043 706 1100 751 qui
1129 707 1233 738 rebus

103 768 264 801 universis
289 769 476 814 praefectos
509 782 579 801 esse
611 769 793 802 daemones
825 781 980 808 censens,
1013 779 1231 812 quaecunque

102 830 145 862 ad
169 829 294 862 victum
321 840 516 875 comparant
540 830 712 874 homines,
750 843 968 876 quaecunque
1001 830 1056 862 vel
1086 830 1233 869 edendo,

103 891 156 923 vel
181 891 330 925 bibendo
356 901 574 931 consumunt,
599 893 727 935 fruges,
751 892 886 932 vinum,
921 894 1038 925 baccas
1060 892 1233 930 arborum,

102 966 233 998 aquam,
258 963 292 986 et
315 954 425 998 ipsum
461 966 597 998 quoque
623 954 747 995 abirem,
777 966 796 987 a
827 954 1048 987 daemonibus
1080 953 1234 998 accipere

102 1015 342 1057 arbitrabatur3
366 1015 547 1059 multisque
572 1015 606 1047 in
632 1015 831 1048 contrariam
848 1016 1002 1048 adductis
1023 1015 1234 1054 sententiam,

105 1077 278 1109 concludit
300 1078 434 1109 tandem
463 1077 690 1116 Adamantius,
715 1090 836 1121 panes,
867 1077 927 1121 qui
951 1077 1049 1109 nohis
1073 1078 1114 1109 ad
1140 1090 1232 1109 esum

106 1139 314 1179 offeruntur,
341 1138 549 1171 Christianos
574 1138 793 1170 daemonibus
818 1148 978 1182 acceptos
1000 1151 1068 1170 non
1093 1139 1234 1178 referre,

104 1201 162 1233 sed
188 1201 264 1233 Deo
290 1213 402 1232 rerum
428 1199 614 1239 conditori,
648 1212 772 1244 eosque
798 1213 873 1231 cum
898 1198 1076 1242 gratiarum
1101 1199 1234 1231 actione

104 1263 274 1307 κείρει-ες
304 1275 341 1294 ac
374 1274 435 1306 per
463 1261 694 1306 precationem
728 1274 850 1305 corpus
881 1261 1052 1306 quoddam
1084 1270 1234 1294 sanctum

104 1324 197 1369 ipsos
214 1323 315 1363 effici,
339 1333 471 1356 sanctos
490 1322 650 1361 efficiens,
669 1322 860 1367 quicunque
883 1335 923 1355 eo
950 1336 1025 1355 cum
1050 1336 1130 1355 sano
1155 1336 1236 1367 pro-

105 1385 218 1431 posito
241 1394 391 1417 utuntur.
439 1385 492 1417 Ad
522 1383 765 1417 Eucharistiam
795 1384 935 1417 minime
968 1385 1049 1417 haec
1078 1384 1236 1417 videntur

104 1447 284 1492 pertinere.
340 1445 444 1489 Quod
479 1455 512 1478 et
552 1446 623 1490 ipse
655 1446 780 1478 fatetur
811 1446 1016 1479 Albertinus.
1073 1446 1176 1490 Quod
1208 1447 1235 1480 si

104 1508 179 1554 quis
202 1517 314 1541 tamen
339 1508 557 1548 contradicat,
580 1520 648 1540 non
672 1507 831 1540 assentiar
853 1509 971 1549 modo,
995 1509 1053 1541 sed
1075 1510 1235 1542 ecclesiae

105 1571 206 1603 etiam
232 1569 418 1602 doctrinam
444 1570 495 1602 his
519 1569 710 1602 confirmari
734 1570 951 1614 pertendam3
980 1583 1083 1615 panes
1107 1572 1234 1616 quippe

105 1632 150 1665 ait
175 1645 239 1676 per
259 1631 509 1676 precationem,
532 1645 594 1675 per
618 1631 758 1677 mystica
781 1631 941 1664 nimirum
967 1633 1085 1672 verba,
1111 1646 1234 1677 corpus

106 1693 197 1726 effici
223 1702 385 1731 sanctum,
412 1701 445 1724 et
468 1701 599 1725 sanctos
624 1692 790 1732 efficiens,
816 1693 873 1737 qui
899 1706 973 1725 cum
999 1706 1080 1726 sano
1105 1707 1235 1739 propo-

105 1755 169 1788 sito
195 1767 236 1786 eo
261 1763 416 1786 utuntur:
443 1767 564 1798 corpus
589 1754 745 1786 videlicet
772 1754 905 1788 Christi.

196 1815 335 1861 Martyri
361 1815 622 1848 succenturiatus
647 1816 762 1861 prodit
798 1816 832 1848 in
863 1828 1008 1860 pugnam
1041 1816 1236 1851 Albertinus

108 1878 149 1910 de
174 1878 376 1910 Sacrament.
400 1878 542 1911 Euchar.
568 1878 626 1912 lib.
653 1878 697 1911 II.
727 1877 761 1910 in
786 1878 902 1910 Exam.
933 1878 1056 1911 testim.
1085 1880 1235 1922 origen„

106 1938 315 1983 recoctisque
350 1939 481 1983 aliquot
516 1939 715 1972 testimoniis
752 1953 790 1972 cx
829 1940 975 1982 Origene
1014 1940 1079 1986 jam
1110 1951 1185 1974 ante
1217 1955 1236 1975 a

107 2002 260 2045 Martyre
285 2001 481 2045 depromtis,
505 2011 649 2046 quatuor
673 2001 822 2034 indidem
848 2002 953 2047 petita
978 2004 1019 2035 de
1043 2016 1104 2035 suo
1129 2005 1237 2044 addit,

106 2063 148 2095 ad
180 2063 337 2095 trutinam
376 2071 525 2095 nostram
561 2064 759 2096 revocanda.
820 2064 918 2097 Prius
957 2065 1098 2098 habetur
1132 2066 1234 2099 Tom.

106 2124 251 2157 XXXII.
275 2123 309 2156 in
333 2125 452 2156 Joann.
477 2137 568 2157 num.
595 2124 666 2166 16.,
697 2125 756 2159 ubi
781 2127 822 2160 de
848 2128 955 2161 offula
979 2128 1089 2161 Judae
1113 2140 1132 2160 a
1153 2129 1235 2161 Jesu

203 2245 234 2290 ¹)
259 2245 343 2278 Edd.
370 2246 500 2280 Huctii:
527 2247 812 2294 εὐαρεσιοῦνιες.
