1403 2492
191 83 260 120 238
524 84 637 117 Pssrm
663 84 838 118 DAmzus
863 84 996 118 Hui-:Tu

192 187 257 220 que
281 173 465 219 processit,
497 185 598 218 aquas
622 173 713 213 illas,
744 186 847 218 super
877 186 958 219 quas
994 173 1165 207 serebatur
1187 175 1334 220 Spiritus

190 237 270 277 Dei,
296 245 330 268 et
354 236 518 276 tenebras,
544 249 630 280 quae
655 244 749 268 erant
774 248 876 280 super
906 235 1027 269 faciem
1052 236 1184 283 abyssi,
1210 248 1333 271 creatas

192 299 342 344 quidem,
366 299 425 331 sed
450 298 515 330 hoc
539 307 650 330 tamen
682 298 811 330 mundo
844 297 1052 343 antiquiores
1085 298 1275 341 intelligere
1299 312 1334 333 so

192 362 349 394 declarat.
397 360 441 393 Et
465 361 622 393 demum:
652 359 738 399 »Ea,
771 359 899 404 inquit,
936 373 1021 405 quae
1046 369 1124 405 post
1148 369 1335 394 extremum

190 423 364 456 saeculum
387 423 499 455 sutura
531 431 609 455 sunt
640 421 674 453 in
707 421 840 454 saecula
865 423 1095 462 saeculorum,
1121 422 1195 467 quis
1219 432 1335 468 potest

191 484 384 529 exponere?
408 484 635 517 Garrulorum
662 491 711 515 est
736 483 912 515 hominum
930 483 1053 517 horum
1077 484 1234 518 notitiam
1257 485 1336 530 pol-

191 546 296 580 liceri.
307 562 324 577 «ι
1011 542 1023 555 '

281 609 388 653 Quod
418 618 531 641 autem
570 607 744 640 materiam
776 607 853 640 Deo
892 617 1104 641 coaeternam
1136 608 1335 653 impugnans

190 671 323 705 disserit
354 671 388 703 in
421 671 614 704 Comment.
645 669 679 701 in
705 669 827 702 Genes.
853 670 886 709 Ι,
925 669 979 705 12.
1011 678 1044 702 et
1071 669 1145 703 libr.
1171 670 1216 703 ΙΙ.
1248 673 1334 715 περὶ

188 734 325 780 ἀρχῶν,
351 746 423 777 cap.
450 732 480 767 1.
505 745 596 765 num.
621 730 672 772 4.,
706 731 754 764 sic
785 731 1023 777 accipiendum
1056 741 1119 764 est:
1152 731 1333 777 repudiare

190 810 268 830 eum
296 795 434 841 quidem
459 793 633 826 materiam
659 793 753 825 illam
780 793 969 838 ἀγένηῑον,
996 803 1073 826 ortu
1100 803 1133 827 ct
1157 794 1327 839 principio

191 867 370 898 carentem,
396 856 530 901 qualem
555 855 750 888 invexerant
774 855 971 901 philosophi
996 855 1150 901 quidam,
1184 865 1217 888 et
1240 857 1334 889 Mar-
1372 901 1377 904 ι

191 920 354 953 cionistae
380 918 626 956 defendebant,
658 917 736 949 Deo
763 930 941 958 coaevam,
976 927 1009 950 et
1041 918 1186 956 alterum
1217 931 1332 950 mmm

188 981 414 1028 principium;
453 989 486 1012 at
518 978 627 1011 nihilo
657 978 766 1011 secius
799 979 974 1012 materiam
1008 979 1110 1012 aliam
1140 978 1330 1019 admittere,

188 1058 258 1078 non
278 1053 371 1081 ortus
397 1042 534 1087 quidem
560 1050 593 1073 et
616 1040 776 1085 principii
801 1050 989 1086 expertem,
1020 1042 1079 1074 sed
1095 1043 1126 1086 ¹)
1157 1051 1234 1074 ante
1259 1053 1330 1074 sae-

189 1107 264 1140 cula
286 1105 333 1138 ita
357 1117 374 1138 a
397 1104 476 1137 Deo
500 1112 726 1148 procreatam,
749 1112 788 1135 ut
812 1103 928 1135 lumen
954 1115 972 1135 a
995 1104 1068 1136 sole
1091 1102 1328 1148 proficiscitur.

188 1169 225 1201 In
251 1181 293 1200 eo
320 1179 398 1208 ergo
424 1166 465 1198 ab
489 1162 676 1197 Haereticis
708 1163 776 1196 illis
811 1163 1046 1205 dissentiebat,
1082 1165 1175 1209 quod
1201 1165 1269 1197 duo
1294 1163 1331 1197 hi

187 1242 301 1263 rerum
325 1226 492 1273 principia
515 1234 693 1270 ponerent,
717 1226 842 1265 Deum,
869 1235 902 1259 et
930 1225 1123 1267 materiam,
1146 1235 1328 1271 utrumque

188 1291 323 1336 utrique
337 1297 567 1328 coaeternum,
587 1297 743 1320 neutrum
760 1288 801 1320 ab
817 1288 924 1321 altero
944 1289 1114 1333 pendens;
1137 1288 1196 1321 ille
1212 1288 1327 1321 Deum

188 1353 326 1386 unicum
350 1363 463 1384 rerum
482 1350 714 1383 universarum
739 1359 900 1383 statueret
923 1349 1149 1395 principium,
1173 1350 1232 1396 qui
1256 1363 1328 1384 ma·-

186 1415 307 1448 teriam
333 1426 371 1445 ex
402 1425 437 1445 se
461 1425 631 1456 nunquam
663 1424 732 1444 non
763 1413 970 1456 produxerat
1035 1412 1185 1445 Mundus
1213 1421 1326 1445 autem

188 1490 226 1509 ex
250 1475 391 1508 materia
416 1474 473 1506 illa
505 1474 664 1517 deinceps
696 1473 835 1505 conflari
867 1474 1021 1515 fingebat.
1076 1476 1126 1508 Ita
1158 1474 1326 1518 discrepa-

186 1540 244 1572 bat
268 1550 286 1570 a
310 1535 550 1574 Marcionistis,
575 1534 726 1579 quamvis
752 1535 907 1578 ipsorum
933 1537 1136 1577 argumentis
1160 1546 1324 1569 uteretur.

185 1601 437 1641 Hermogenem
468 1596 556 1629 enim
589 1596 807 1629 Haereticum
847 1597 969 1629 eodem
1008 1598 1114 1630 modo
1145 1597 1325 1631 ratiocina-

187 1673 259 1696 tum
291 1673 362 1694 esse
398 1660 503 1692 refert
531 1658 762 1691 Tertullianus
794 1658 882 1690 libro
922 1658 1084 1702 peculiari
1115 1659 1226 1704 ipsum
1259 1673 1323 1705 op-

187 1736 354 1770 pugnans3
392 1721 506 1754 Deum
539 1719 627 1752 enim
668 1719 777 1765 ajebat
807 1732 942 1763 semper
981 1720 1082 1753 fuisse
1114 1721 1321 1762 Dominum;

185 1785 373 1820 Dominum
399 1791 513 1815 autem
544 1782 585 1814 ab
618 1780 709 1814 omni
733 1788 824 1813 retro
849 1794 932 1814 aevo
968 1794 1038 1815 esse
1066 1795 1136 1815 non
1160 1782 1322 1827 potuisse,

185 1847 249 1881 nisi
272 1857 407 1890 semper
431 1844 547 1877 {uisset
571 1835 718 1889 aliquid,
750 1842 843 1887 cujus
868 1852 953 1876 esset
983 1843 1174 1888 Dominus;
1203 1845 1321 1890 proin-

187 1911 297 1954 deque
321 1907 479 1940 materiae
503 1918 637 1950 semper
666 1904 853 1938 Dominum
890 1904 1008 1938 fuisse:
1040 1906 1130 1938 unde
1163 1906 1320 1946 efficitur,

185 1983 358 2016 nunquam
382 1982 451 2002 non
483 1968 584 2000 fuisse
616 1967 800 2000 materiam.
856 1967 951 1999 Hanc
983 1966 1277 2001 ratiocinationem
1301 1981 1319 2000 a

281 2100 313 2144 ¹)
334 2099 420 2135 Vide
445 2109 543 2140 supra
570 2094 707 2138 Quaest.
734 2095 868 2127 secr-nd.
895 2108 986 2127 num.
1012 2095 1136 2128 XXIV.
1163 2096 1317 2128 observa-

185 2145 295 2177 tiones
319 2153 448 2176 nostras
473 2142 505 2173 in
530 2141 611 2173 haec
635 2139 752 2174 Huetii
778 2141 894 2173 verba:
923 2141 1006 2173 »Vel
1031 2140 1107 2185 quia
1131 2140 1316 2179 materiam,

186 2203 202 2222 e
229 2202 292 2234 qua
318 2188 480 2221 conflatus
506 2195 551 2218 est
578 2185 741 2224 mundus,
778 2198 877 2230 quam
915 2198 933 2218 a
966 2185 1032 2217 Dei
1063 2185 1242 2219 substantia
1273 2185 1314 2216 ab

187 2235 282 2267 omni
306 2243 395 2266 retro
423 2244 505 2265 aevo
529 2244 696 2263 emanasse
722 2230 866 2271 censuit,
891 2231 1178 2275 quemadmodum
1205 2239 1314 2262 osten-

186 2282 302 2313 demus
325 2279 410 2311 insra
437 2285 581 2311 creatam
607 2276 671 2308 dici
696 2276 851 2309 sciebat«
879 2277 1021 2309 Ruaeus.
