1403 2492
182 85 228 120 96
519 87 632 121 Pam
658 88 830 121 nameus
854 88 989 122 Huss‘ru

183 189 264 211 tunc
288 178 405 210 Jesum
433 178 598 218 confiteri,
621 190 684 211 nec
709 187 823 211 tamen
848 188 919 212 crat
935 179 1233 224 reprehendendus
1256 193 1325 213 non

184 241 347 274 confitens
365 241 491 272 Jesum.
517 238 691 282 Quoniam
707 240 749 272 ad
765 239 965 274 confitentes
982 241 1124 275 dicitur:
1146 266 1167 282 „
1179 242 1279 282 „Non
1295 243 1326 287 ¹)
1376 259 1378 261 ·

184 303 262 336 estis
289 315 366 341 vos,
398 301 455 346 qui
491 301 691 346 loquimini,
725 303 784 335 scd
810 302 956 347 Spiritus
981 303 1090 337 Patris
1116 303 1236 344 vestri,
1268 303 1326 348 qui

184 364 338 410 loquitur
360 363 394 396 in
419 364 588 396 vobis.““
636 366 715 397 Non
742 373 872 405 autem,
904 378 981 398 cum
1005 365 1053 398 sit·
1072 374 1194 410 potens
1219 365 1327 410 Spiri—

182 437 235 460 tus
259 426 320 459 ille
341 425 450 458 Patris
474 426 581 459 nostri
606 426 703 470 loqui
727 426 760 458 in
785 426 901 467 nobis,
927 436 960 459 et
985 440 1062 460 cum
1086 427 1121 460 in
1144 435 1261 460 nostra
1283 426 1327 460 sit

182 498 369 534 potestate,
409 487 525 520 locum
562 489 641 521 dare
667 482 701 520 in
725 488 824 521 nobis
849 488 995 533 Spiritui
1020 498 1160 529 sancto,
1201 498 1234 521 et
1257 501 1328 522 non

182 551 338 591 diabolo,
369 549 397 582 si
430 550 724 592 denegaverimus,
764 550 1014 595 excusationem
1050 551 1156 584 ullam
1187 550 1327 584 habebi-

181 626 266 646 mus.
281 613 343 656 ²)‹<
395 613 445 644 Ac
469 611 630 656 primum,
655 612 747 656 quod
771 611 817 644 ait
841 612 1043 646 derelictum
1058 613 1160 646 fuisse
1174 613 1326 652 Petrum,

182 689 251 708 non
276 688 344 707 uno
371 674 476 705 modo
501 672 646 715 intelligi
669 682 804 717 potest3
827 687 904 706 nam
928 675 981 708 vel
1007 675 1100 708 omni
1125 674 1250 717 gratiae
1269 687 1327 707 cu-

181 737 319 783 juslibet
343 735 467 767 auxilio
494 735 694 767 destitutum
718 735 820 768 fuisse
843 736 933 777 vult,
967 736 1061 784 cujus
1091 737 1216 780 gratiae
1248 749 1326 782 ope,

180 809 296 844 spreto
321 797 442 830 mortis
464 806 596 829 terrore
618 797 790 830 Christum
817 808 932 842 aperte
958 799 1113 832 confiteri
1138 799 1325 843 potuisset:

179 871 279 906 atque
305 859 384 893 huic
407 859 593 892 sententiae
619 872 695 892 cum
712 859 857 892 solemni
879 873 990 894 sacrae
1007 860 1193 894 Facultatis
1211 860 1325 893 Theo-

180 923 309 966 logicae
333 921 529 955 parisiensis
562 922 700 954 decreto
732 921 950 970 temeritatis,
984 921 1167 967 impietatis
1192 931 1226 955 et
1249 922 1327 955 hae-

178 999 291 1019 reseos
314 993 396 1018 nota
419 984 530 1017 inusta
552 984 611 1024 sit,
652 996 738 1016 anno
772 984 966 1017 MDCLVI.
998 985 1216 1018 temerarium
1242 996 1326 1028 quo-

179 1061 244 1093 que
270 1056 355 1080 esset
380 1056 413 1079 et
440 1046 587 1091 impium
617 1047 687 1078 ulla
720 1058 792 1078 eam
827 1045 1043 1078 cavillatione
1068 1055 1101 1078 et
1125 1055 1323 1088 argumento

177 1109 284 1142 tueri:
309 1108 363 1140 vel
389 1108 418 1140 ei
444 1108 590 1140 defuisse
618 1117 732 1140 censet
754 1120 824 1140 non
845 1107 1078 1140 vehementem
1103 1107 1214 1139 solum
1228 1106 1324 1139 illam

177 1171 245 1205 Dei
268 1169 519 1213 aspirationem,
544 1179 577 1202 et
596 1169 744 1202 divinam
769 1168 985 1215 θερμότητα,
1011 1182 1075 1214 qua
1099 1168 1265 1213 impulsus
1289 1168 1322 1201 in

177 1232 310 1266 medios
331 1244 403 1264 sese
427 1232 549 1264 fluctus
574 1230 872 1275 praecipitaverat,
907 1241 941 1264 et
967 1230 1152 1264 satellitum
1177 1239 1321 1264 turmam

177 1294 296 1327 stricto
322 1293 434 1335 gladio
460 1291 530 1336 pro'
551 1291 689 1325 Christo
725 1302 910 1325 certaturus
943 1293 1124 1333 invaserat,
1159 1293 1219 1325 sed
1249 1305 1320 1334 gra-

176 1357 242 1389 tiae
269 1355 369 1387 etiam
395 1353 541 1387 efficacis
565 1353 746 1396 auxilium3
778 1364 878 1400 atque
904 1354 940 1387 id
964 1364 1056 1388 recte
1083 1365 1115 1388 et
1141 1355 1319 1389 Catholice

176 1418 242 1451 dici
266 1425 396 1461 potests
438 1415 486 1447 Ex
513 1428 554 1447 eo
580 1424 703 1455 autem,
729 1417 821 1460 quod
845 1417 999 1449 nondum
1024 1417 1120 1450 datus
1146 1426 1217 1450 crat
1241 1416 1319 1462 spi-

174 1480 268 1519 ritus,
293 1478 380 1511 falso
406 1476 582 1509 concludit
609 1476 782 1509 neminem
806 1477 957 1522 potuisse
990 1478 1102 1511 dicere
1127 1478 1319 1510 Dominum

173 1543 291 1576 Jesum
323 1541 356 1573 in
388 1538 520 1584 Spiritu
550 1548 689 1580 sancto;
730 1539 882 1584 quamvis
915 1539 1003 1572 enim
1035 1540 1190 1575 nondum
1221 1540 1316 1572 datus

174 1604 293 1637 fuisset
316 1602 464 1647 Spiritus
489 1609 620 1633 sanctus
644 1600 733 1643 larga
760 1601 818 1634 illa
845 1611 878 1634 et
892 1601 1041 1634 mirabili
1054 1602 1226 1643 missione,
1251 1615 1317 1646 qua

173 1664 351 1712 Apostolis
384 1664 514 1696 infusus
547 1672 596 1695 est
621 1656 661 1695 ¹itt
683 1663 903 1704 Pentecoste,
937 1664 1032 1696 datus
1064 1673 1176 1697 tamen
1205 1665 1318 1698 suerat

173 1727 241 1761 alio
267 1727 373 1760 modo
399 1725 478 1758 viris
503 1724 596 1770 justis
629 1734 703 1757 ante
730 1724 858 1759 Christi
883 1736 1012 1767 ortum,
1049 1735 1083 1759 et
1113 1727 1195 1759 dum
1227 1726 1316 1759 inter

172 1789 327 1822 homines
351 1796 473 1830 ageret,
498 1796 532 1819 et
555 1796 738 1834 postquam
764 1783 802 1820 in¹
824 1788 960 1820 coelum
983 1800 1018 1820 se
1034 1788 1174 1832 recepit.
1212 1787 1316 1821 Prae-

174 1851 262 1884 clara
287 1859 335 1883 est
359 1849 538 1892 Augustini
565 1851 607 1882 de
639 1863 676 1882 ea
708 1863 743 1882 re
769 1850 960 1883 dissertatio
994 1850 1139 1883 Tractat.
1164 1848 1315 1882 XXXII.

171 1914 206 1946 in
222 1912 356 1952 Joann.‚
379 1911 440 1944 ubi
465 1913 623 1952 ostendit,
648 1911 730 1956 quid
753 1920 958 1955 postremam
988 1911 1072 1944 hanc
1095 1911 1183 1943 inter
1206 1909 1316 1956 Spiri-

170 1985 223 2008 tus
247 1974 353 2008 sancti
376 1973 591 2013 missionem,
623 1974 771 2018 aliasque
804 1973 1019 2017 superiorum
1042 1983 1239 2018 temporum
1262 1973 1313 2006 in-

169 2037 275 2070 tersit.
323 2035 427 2079 Igitur
452 2049 556 2080 quum
589 2035 761 2069 Christum
792 2036 927 2077 negavit
956 2035 1095 2076 Petrus,
1133 2035 1194 2069 etsi
1225 2047 1310 2067 non-

170 2099 251 2131 dum
277 2099 373 2131 datus
403 2097 521 2130 fuisset
545 2096 693 2142 Spiritus
723 2107 856 2130 sanctus
881 2097 1027 2131 solemni
1051 2098 1109 2130 illa
1135 2106 1167 2130 et
1190 2097 1309 2142 adspe-

268 2226 298 2270 ι)
327 2225 396 2259 Csr.
421 2226 543 2259 Matth,
568 2225 611 2265 X,
637 2226 693 2259 20.

263 2282 298 2326 ²)
323 2282 410 2315 Edd.
442 2281 575 2314 Huetii:
610 2283 834 2315 »habemus«
