1403 2492
410 86 717 119 Omonsmxonum
744 86 855 118 Lmen
885 86 925 118 ΙΙ.
1158 86 1223 120 207

93 177 176 210 fens.
200 185 325 220 quaest.
343 176 373 210 5.
399 175 636 220 Epiphanium,
659 174 901 218 Theophilum,
927 183 960 206 et
978 174 1221 220 Hieronymum

91 237 273 282 quicquam
298 238 340 269 de
366 249 403 269 ea
431 249 467 268 re
491 235 690 280 prodidisse.
739 236 825 269 Cum
859 244 965 268 cetera
998 244 1110 267 autem
1144 236 1223 268 Ori-

91 297 182 339 genis
215 307 404 330 commenta
439 297 574 330 defendi
604 309 702 341 posse
735 297 823 329 dicat
858 297 1060 338 Augustinus
1086 297 1222 331 Haeres.

91 359 142 394 43.
168 359 207 392 ad
235 358 338 402 Quod
370 360 442 391 vult
464 359 588 398 Deum,
612 358 702 391 istud
727 359 847 391 frustra
876 359 916 390 ab
942 358 1012 404 ejus
1038 358 1223 391 defensori-

91 421 152 453 bus
176 420 324 453 excusari
348 421 486 453 fatetur:
515 419 621 463 »Quis
647 419 734 452 enim
760 420 954 453 catholicus
981 419 1219 460 Christianus,‹<

92 482 209 525 (verba
232 490 308 514 suut
334 481 534 524 Augustini)
564 481 637 513 »vel
663 482 794 521 doctus,
819 482 872 514 vel
892 481 1047 514 indoctus
1071 495 1141 514 non
1166 495 1221 514 ve-

91 542 263 575 liementer
286 543 458 575 exhorreat
483 556 574 583 eam,
605 557 704 587 quam
738 543 820 576 dicit
851 542 1084 588 purgationem
1116 543 1223 575 malo-

90 617 176 643 rum,
200 603 234 636 id
260 613 318 644 est,
342 604 441 636 etiam
466 617 534 643 eos,
560 605 617 648 qui
642 604 725 637 lianc
749 605 849 637 vitam
874 604 907 636 in
933 604 1063 646 flagitiis
1089 614 1121 636 et
1143 605 1223 637 saci-

89 666 238 705 noribus,
263 675 295 698 et
318 665 520 709 sacrilegiis,
546 675 646 710 atquc
671 666 916 710 impietatibus,
942 665 1129 710 quamlibet
1153 678 1222 697 ma-

90 727 185 759 ximis
210 727 384 759 finierunt:
415 726 527 771 ipsum
551 727 653 759 etiam
685 737 858 773 postremo
893 727 1085 767 diabolum,
1121 736 1220 772 atque

91 788 225 830 angelos
250 787 339 834 ejus,
377 788 527 833 quamvis
565 799 642 833 post
666 789 859 831 longissima
883 798 1038 833 tempora
1062 798 1221 833 purgatos

88 859 189 894 atque
214 849 383 889 liberatos,
409 863 512 891 regno
537 850 616 890 Dei,
640 851 774 896 lucique
795 851 944 893 restitui3
970 859 1002 882 et
1016 863 1128 882 rursus
1143 859 1222 894 post

89 910 282 953 longissima
307 919 460 955 tempora
487 924 614 951 omnes,
640 912 698 956 qui
723 912 854 945 liberati
874 921 962 951 sunt,
986 912 1121 943 adhaec
1134 912 1222 944 mala

89 973 201 1004 denuo
225 971 330 1004 relabi
357 981 389 1004 et
413 972 550 1012 reverti,
575 981 608 1005 et
632 972 688 1006 has
714 973 800 1006 vices
824 974 1025 1006 alternantes
1041 973 1222 1006 beatitudi-

85 1046 167 1066 num
193 1042 227 1065 et
259 1033 469 1066 miseriarum
497 1034 713 1067 rationabiles
743 1044 913 1067 creaturae
945 1048 1078 1080 semper
1108 1035 1221 1075 fuisse.

87 1107 221 1138 semper
244 1095 342 1128 sore?
384 1096 436 1127 De
471 1109 536 1139 qua
567 1096 742 1129 vanissima
766 1096 940 1140 impietate
964 1098 1122 1129 adversus
1147 1096 1222 1141 phi-

89 1156 270 1200 losophos,
300 1168 317 1188 a
344 1156 464 1200 quibus
488 1156 548 1189 ista
574 1157 691 1190 didicit
728 1157 902 1198 Origenes,
926 1158 959 1190 in
985 1158 1072 1190 libro
1099 1159 1140 1190 de
1166 1158 1221 1191 Ci-

88 1215 190 1248 vitate
222 1216 287 1248 Dei
321 1217 572 1259 diligentissime
607 1218 819 1262 disputavi:‹⁴
852 1219 958 1259 libro,
1001 1219 1141 1264 opinor,
1170 1232 1222 1252 se·

90 1278 214 1316 cundo,
240 1278 338 1322 capit.
367 1279 418 1314 17.
445 1288 478 1311 ct
493 1279 558 1320 23„
585 1281 643 1313 ubi
668 1281 788 1322 dogma
814 1280 905 1313 idem
931 1281 1066 1320 excutit,
1092 1290 1125 1313 ct
1149 1281 1219 1326 ejus

90 1351 202 1372 caussa
231 1339 353 1371 merito
390 1342 608 1384 reprobatum
648 1343 689 1374 ab
730 1341 869 1374 ecclesia
903 1341 1086 1384 Origenem
1117 1343 1219 1375 fuisse

87 1411 215 1443 narrat,
239 1411 278 1434 ut
301 1411 333 1434 et
357 1401 446 1433 libro
471 1403 513 1434 de
537 1403 634 1444 gestis
665 1403 814 1445 Pelagii,
851 1417 923 1448 cap.
947 1404 980 1439 3.
1031 1405 1096 1437 Adi
1121 1413 1155 1436 et
1180 1403 1220 1436 li·

87 1464 186 1496 hrum
209 1462 314 1507 ipsius
339 1472 455 1495 contra
478 1463 748 1498 priscillianistas
780 1474 813 1498 et
838 1465 1059 1507 Origenistas,
1089 1478 1162 1510 cap.
1185 1466 1218 1501 5.

86 1533 121 1556 ct
143 1523 187 1562 6.,
211 1534 244 1556 et
270 1525 356 1557 libro
381 1524 458 1557 huic
483 1526 667 1569 praefixum
694 1527 808 1560 Orosii
842 1526 1151 1560 Commonitorium
1176 1526 1217 1558 ad

87 1576 318 1626 Augustinum.
363 1586 528 1628 Suggillat
552 1589 695 1620 eundem
720 1588 790 1633 ipsa
814 1589 874 1621 hac
899 1590 940 1622 de
965 1601 1076 1621 caussa
1101 1598 1219 1621 auctor

88 1645 164 1678 libri
189 1647 231 1678 de
257 1648 427 1680 communi
452 1649 590 1682 essentia
614 1650 690 1682 libr.
712 1650 768 1682 ΙΙΙ.
794 1663 863 1695 cap.
882 1650 924 1690 6.,
949 1659 982 1683 et
1006 1659 1125 1683 auctor
1149 1650 1216 1682 (lia-

87 1707 260 1749 logorum,
277 1709 306 1752 ¹)
341 1708 396 1752 qui
431 1709 586 1742 Caesario
617 1710 774 1752 Gregorii
798 1711 997 1744 Nazianzeni
1022 1711 1115 1744 fratri
1139 1711 1218 1744 assi-

86 1778 236 1810 gnantur,
251 1769 400 1813 quamvis
421 1770 570 1810 Maximi,
595 1771 651 1816 qui
668 1772 822 1804 Caesario
844 1773 1014 1806 recentior
1031 1773 1104 1812 suit,
1130 1774 1216 1814 srag-

86 1839 236 1862 mentum
260 1830 446 1864 exhibeant.
494 1833 587 1864 Inter
614 1833 918 1866 Anathematismos
940 1834 1118 1867 Justiniani
1144 1833 1217 1878 epi·

86 1891 192 1923 stolae
217 1892 258 1923 ad
283 1892 419 1924 Menam
449 1894 633 1934 subnexos,
673 1905 863 1939 postremus
898 1896 955 1928 ille
986 1906 1053 1928 est:
1094 1899 1143 1929 Εἴ
1165 1909 1215 1935 τις

87 1950 226 1997 λέγειῆ
257 1954 329 1997 ἔχει
359 1952 586 2000 πρόσκαιρον
611 1953 702 1990 εἶναι
734 1955 802 1998 τὴν
831 1959 902 1991 τῶν
934 1956 1123 2001 δαιμόνων
1153 1959 1214 1991 καὶ

87 2012 228 2057 ἀσεβῶν
252 2013 458 2057 ἀνθρώπων
481 2016 648 2058 κόλασιν,
681 2021 743 2052 καὶ
774 2020 871 2058 τέλος
904 2017 994 2053 κατά
1019 2032 1099 2053 τινα
1118 2017 1214 2065 χρά-

87 2087 153 2109 νον
177 2074 290 2118 αὐτὴν
317 2075 427 2120 ἕξειν,
461 2076 576 2122 ἧγοῦν
608 2078 902 2115 ἀποκατάστασιν
933 2085 1103 2126 γενέσθαι
1128 2082 1213 2115 δαι-

84 2134 222 2180 μόνων,
246 2134 267 2179 ἧ
292 2136 431 2182 ἀσεβῶν
454 2138 673 2186 ἀνθρώπων,
699 2140 868 2186 ἀνάθεμα
892 2143 993 2178 ἔστω.
1034 2143 1078 2176 Εῑ
1094 2142 1127 2175 in
1152 2143 1212 2175 hac

182 2264 212 2308 Ι)
238 2263 306 2297 Cfr.
331 2265 454 2309 dialog.
480 2267 540 2301 ΙΙΙ.
564 2281 713 2314 respons.
742 2270 815 2308 140.
