1403 2492
532 72 721 106 Excunsns
1132 70 1198 106 335

60 158 81 202 ἡ
107 161 268 204 τυχοῦσα
292 158 416 206 δωρεά
441 160 515 194 ἐστι
545 163 611 196 τοῦ
642 163 752 205 θεοῦ,
785 159 966 195 πλειόνων
999 160 1198 206 δογμάτων

59 220 254 268 διαφόρων
284 221 357 257 ὑπὸ
399 224 545 257 πολλῶν
582 226 864 268 κηρυσσομένων
896 225 969 257 τῶν
1007 220 1196 257 διδάσκειν

60 282 104 318 τὰ
128 283 244 326 ἀληθῆ
270 284 613 329 ἐπαγγελλομένων,
639 283 678 319 τὸ
703 285 835 328 μηδενὶ
862 282 1004 328 ἢμόνῳ
1027 286 1077 328 τῷ
1104 284 1196 328 ἀλη-

59 349 123 379 θεῖ
143 347 344 380 πιστεῦσαι.
394 347 471 379 Non
503 346 782 379 dissimulandum
815 356 881 385 est,
917 345 1101 387 Origenem
1132 345 1197 377 hoc

61 406 140 439 loco
162 419 231 439 non
257 408 297 440 de
322 407 427 440 initiis
452 408 531 440 fidei
556 421 664 450 agere,
681 409 740 440 sed
766 409 807 440 de
832 408 982 452 perfecta
1008 407 1086 446 fide,
1111 419 1196 451 quae

59 468 217 513 precibus
241 469 446 511 gementium
478 483 516 503 ac
547 483 640 502 suam
672 470 714 502 ad
746 470 952 501 credendum
978 468 1196 500 imbecillita-

59 538 128 562 tem
155 531 390 563 confitcntium
414 532 632 576 impetratur:
664 533 722 565 sed
746 541 858 564 tamen
883 531 1088 575 perabsurde
1114 530 1198 562 hanc

59 591 162 624 fidem
186 593 254 625 Dei
279 594 408 625 donum
432 607 501 626 non
526 594 661 635 vulgare
687 593 839 632 dixisset,
863 594 890 625 si
914 592 1064 624 debitam
1088 591 1200 624 existi-

61 664 182 687 masset
206 655 310 687 initiis
334 655 414 687 fidei
438 654 509 687 sine
534 656 636 697 gratia
663 655 876 700 comparatis.

153 716 195 748 II.
243 720 288 749 At
312 716 385 760 ipsa
408 717 466 750 illa
490 717 571 750 fidei
595 717 708 757 initia,
739 718 773 749 in
805 716 925 761 quibus
956 716 1045 748 (licta
1071 716 1199 749 Christi

61 776 281 819 intelligimus
307 779 456 823 quidem,
480 780 539 812 sed
564 793 632 811 non
658 779 797 812 omnino
825 779 1034 817 assentimur,
1058 791 1076 810 a
1102 777 1198 811 Chri-

60 847 112 870 sto
137 840 256 883 perfici
281 850 314 873 et
339 841 457 873 donari
482 842 628 873 declarat
654 842 829 883 Origenes.
878 842 963 873 Nam
994 841 1095 873 Tom.
1119 839 1196 871 XX.

61 900 95 932 in
118 901 239 934 Joann.
262 915 355 934 num.
382 903 434 937 18.
460 916 536 935 cum
550 903 741 936 Heracleon
768 912 801 935 et
825 902 883 934 alii
902 901 1097 947 hujusmodi
1121 901 1199 933 hae-

61 962 157 995 retici
189 976 227 995 ex
258 964 307 996 his
341 964 465 997 Christi
497 964 625 998 verbis:
672 963 861 1010 »Quare¹)
903 964 992 996 dicta
1022 976 1097 995 mea
1128 976 1198 995 non

61 1025 264 1066 agnoscitis?
305 1025 394 1069 Quia
417 1039 486 1058 non
507 1027 647 1070 potestis
671 1027 789 1058 audire
813 1039 1006 1058 sermonem
1031 1038 1164 1057 meum:
1179 1040 1196 1055 «

63 1086 209 1119 diversas
232 1099 302 1119 esse
328 1087 361 1120 in
385 1087 580 1121 hominibus
604 1099 739 1121 naturas
764 1088 980 1129 colligerent,
1005 1087 1051 1118 sic
1074 1086 1115 1118 iis
1142 1099 1198 1117 oc-

63 1148 185 1188 currit,
225 1158 264 1180 ut
302 1149 528 1189 demonstret,
566 1163 635 1182 non
672 1151 751 1182 ideo
783 1151 933 1182 Judaeos
963 1149 1043 1181 illos
1075 1147 1199 1182 Christi

62 1210 162 1242 verba
187 1223 369 1252 agnoscere
393 1224 463 1242 non
488 1211 657 1255 potuisse,
688 1213 782 1255 quod
807 1211 983 1244 deterioris
1009 1219 1118 1243 essent
1142 1223 1200 1242 na-

62 1281 167 1312 turae,
190 1273 250 1305 sed
275 1273 368 1317 quod
393 1286 512 1305 eorum
536 1287 631 1306 aures
656 1273 777 1306 divinis
794 1274 1006 1306 sermonibus
1025 1274 1198 1305 obseratae

61 1343 193 1366 essent:
230 1347 329 1378 quarn
360 1336 557 1367 surditatem
593 1349 662 1368 non
703 1349 823 1368 eorum
853 1345 992 1368 naturae
1022 1335 1199 1379 propriam

62 1408 144 1434 esse,
168 1396 227 1428 sed
251 1409 268 1428 a
294 1395 428 1428 Christo
453 1397 541 1430 tolli.
586 1398 704 1430 »Unde
728 1398 907 1442 primum,«
938 1397 1058 1442 inquit,
1084 1410 1199 1429 »com-

61 1457 208 1501 paranda
237 1457 335 1489 nobis
367 1467 416 1490 est
452 1458 500 1490 vis
541 1459 700 1492 audiendi
731 1460 882 1492 divinum
914 1472 1125 1499 sermonem,
1161 1469 1200 1491 ut

61 1518 184 1551 deinde
207 1520 291 1552 Jesu
315 1519 404 1552 dicta
429 1533 608 1562 agnoscere
633 1521 819 1566 possimus;
845 1521 924 1554 lieet
947 1522 1037 1553 enim
1054 1521 1116 1561 illi,
1142 1520 1201 1565 qui

61 1589 158 1613 antea
180 1593 250 1613 non
275 1581 409 1614 valebat
432 1583 549 1616 audire
573 1597 744 1615 sermones
767 1584 866 1623 Jcsu,
902 1593 1020 1627 postea
1055 1596 1096 1615 eo
1122 1596 1200 1627 per-

62 1641 188 1681 venire,
211 1651 250 1674 ut
274 1643 380 1687 possit
404 1645 522 1677 audire
545 1645 655 1678 illos.«
707 1645 897 1688 Quomodo
922 1654 1035 1677 autem
1061 1658 1200 1690 compa-

61 1712 156 1736 retur
179 1703 238 1736 illa
264 1704 324 1745 vis,
348 1705 395 1738 sic
413 1706 578 1751 explicat:
600 1706 700 1741 Ἐπεὶ
712 1707 745 1751 ²)
765 1709 837 1746 καὶ,
863 1704 952 1741 ὅσον
968 1707 1038 1751 μὲν
1053 1706 1197 1741 οὐδέπω

60 1763 150 1809 ἰάθη
180 1779 232 1805 τις
263 1765 327 1806 τὰς
356 1767 468 1807 ἀκοὰς
498 1767 571 1802 ἀπὸ
605 1770 669 1803 τοῦ
711 1766 823 1813 λόγου
853 1770 917 1802 τοῦ
946 1771 1116 1813 λέγοντος
1149 1771 1199 1813 τῷ

61 1830 197 1874 κωφῷ·
224 1829 574 1875 »διανοίχθητι·«3)
613 1829 655 1864 οὐ
686 1829 839 1864 δύναται
870 1829 1030 1864 ἀκούειν.
1081 1829 1200 1865 Ἐπὰν

62 1890 103 1924 δὲ
125 1892 218 1938 λυθῇ
244 1890 262 1926 ὁ
289 1894 402 1931 αἴτιος
424 1894 484 1936 τῆς
508 1890 718 1938 κωφότητος
743 1893 959 1936 σύνδεσμος,
986 1890 1062 1927 τότε
1081 1890 1199 1928 ἁκού-

62 1964 116 1986 ειν
138 1965 190 1992 τις
213 1948 288 1991 οἷος
312 1954 412 1988 ἔσται
436 1957 499 1988 τοῦ
523 1954 657 1998 Ἰησοῦ,
691 1953 748 1989 ὅτε
774 1957 836 1988 καὶ
859 1953 1056 2000 γινώσκειν
1080 1953 1199 1989 δύνα-

159 2096 188 2140 ')
213 2097 275 2131 Ev.
299 2099 424 2131 Joann.
450 2100 543 2140 VIII,
568 2099 621 2134 43.

153 2153 187 2198 ²)
215 2152 286 2186 Cfr.
327 2153 427 2187 Tom.
460 2154 536 2189 XX.
576 2155 609 2188 in
645 2157 767 2190 Joann.
808 2169 898 2188 num.
935 2155 987 2190 18.
1025 2156 1105 2189 coll.
1144 2157 1195 2188 ed.

61 2206 165 2231 nostr.
190 2198 294 2231 Tom.
319 2200 364 2232 ll.
388 2213 462 2244 pag.
485 2201 560 2234 240.

151 2255 186 2298 ³)
211 2254 316 2288 Marc.
343 2256 418 2295 Vll,
439 2255 493 2290 3-1.
