1403 2492
191 74 259 111 320
523 75 637 109 Pin-tu
660 75 835 110 Dmms
860 77 992 112 Iluam

191 178 247 202 aut
270 167 374 200 alium
406 165 611 212 quemlibet,
649 166 682 199 in
712 167 864 212 priorem
894 167 1102 202 Eusebianae
1135 169 1325 214 Apologiae

191 231 317 263 librum
341 229 437 261 mille
463 228 598 261 circiter
627 242 741 261 versus
775 242 812 261 ex
845 230 930 262 sexti
961 230 1058 263 initio
1084 231 1254 263 detractos
1278 232 1327 264 in-

189 292 350 332 seruisse,
394 291 552 323 Rufinum
580 304 658 323 vero
685 291 878 334 exposuisse
904 291 1039 332 Latine,
1074 302 1108 326 et
1139 294 1202 325 sub
1227 293 1327 325 Pam-

188 354 275 399 phili
300 353 438 386 nomine
463 352 669 397 publicasse,
707 366 784 384 cuni
818 353 955 386 Busa-bii
997 354 1112 398 potius
1144 355 1325 388 dicendum

188 426 290 457 esset3
315 429 353 448 ac
377 414 540 447 nonnulla
576 428 713 458 quoque
744 415 785 447 ‹le
819 416 910 448 Filio
936 417 1003 449 Dei
1036 426 1066 449 et
1100 416 1228 460 Spiritu
1252 429 1325 448 sau-

188 488 256 518 cto,
281 477 314 509 in
340 489 381 509 eo
407 476 461 508 vel
486 476 616 520 ipsum,
642 478 693 509 vel
719 478 927 523 Di‹l)nium‚
962 479 1015 510 vel
1040 478 1146 511 alium
1172 491 1325 510 commu-

185 550 282 574 tasse.
330 539 406 572 Hoc
431 538 521 570 idem
546 538 717 582 reperitur
741 540 814 572 libr.
833 541 857 575 Ι,
883 540 1033 585 Apolog.
1057 541 1186 573 advers.
1212 541 1324 573 Rufin.

186 616 259 647 cap.
283 601 314 636 2.
347 611 379 633 et
413 601 488 633 libr.
520 601 575 632 IV.
610 613 681 644 cap.
707 601 757 641 4.,
790 616 858 646 quo
892 612 1067 646 postremo
1102 603 1181 635 loco
1213 602 1324 646 aliqua

185 665 287 698 etiam
313 664 523 696 orthodoxae
549 663 629 694 fidei
654 663 764 696 minus
791 678 936 706 congrua
962 664 995 697 in
1021 663 1133 697 Rufini
1158 664 1323 708 interpre-

183 726 313 760 tatione
339 725 500 757 exstitisse
528 725 630 756 tradit
655 725 896 772 Hieronymus,
920 739 1006 771 quae
1032 739 1195 771 nusquam
1220 725 1322 758 hodie

184 797 402 832 comparent3
432 800 450 819 a
471 788 500 831 ¹)
537 787 678 827 Rufino,
710 797 748 820 ut
773 788 916 832 opinor,
949 801 1058 828 erasa,
1089 801 1158 833 quo
1185 801 1323 820 omnem

183 851 342 896 querelae
376 862 488 881 ansam
519 850 741 894 praecideret.
789 850 882 882 Libri
913 850 1066 896 ejusdem
1097 851 1237 883 secundi
1269 863 1322 882 ca-

181 914 253 958 pite
277 922 370 945 sexto
395 920 506 943 narrat
523 911 751 956 Hieronymus
769 912 1030 956 Apologeticum
1050 913 1147 952 hunc,
1173 913 1320 957 primum

181 975 245 1008 sibi
269 974 302 1006 in
329 974 458 1007 Codice
478 973 592 1006 Rufini
620 974 736 1012 visum¹
764 974 931 1018 Pamphili
952 975 1088 1007 nomine
1108 974 1320 1019 inscriptum,

181 1037 352 1069 diversum
384 1037 426 1067 ab
457 1035 595 1067 Eusebii
630 1036 855 1079 Apologetico
887 1037 1070 1081 aliquando
1097 1037 1318 1068 existimasse:

179 1099 238 1132 sed
264 1097 413 1142 pellecto
438 1106 584 1140 utroque
615 1097 714 1129 facile
743 1097 946 1130 intellexisse
979 1098 1127 1142 primum
1154 1111 1192 1130 ex
1216 1098 1320 1130 Euse-

179 1161 286 1193 bianis
311 1172 366 1191 sex
392 1159 484 1191 libris
510 1172 587 1190 eum
614 1172 695 1198 esse,
721 1160 774 1191 cui
801 1172 818 1192 a
843 1160 969 1192 Rufino
996 1159 1167 1204 Pamphili
1192 1172 1317 1192 nomen

178 1223 356 1255 inductum
381 1230 446 1261 est,
472 1220 598 1266 quique
624 1221 688 1253 hoc
713 1221 815 1254 titulo
840 1221 958 1254 Latine
990 1235 1028 1255 ac
1054 1222 1183 1255 Graece
1208 1222 1317 1253 editus

179 1294 241 1325 est,
265 1276 450 1316 immutatis
477 1283 657 1316 »duntaxat
680 1284 830 1316 sensibus
856 1284 898 1315 de
919 1283 1011 1316 Filio
1037 1293 1069 1316 et
1088 1282 1219 1328 Spiritu
1243 1295 1317 1314 san-

178 1357 246 1387 eto,
269 1347 327 1391 qui
353 1355 502 1390 apertam
526 1345 769 1389 blasphemiam
795 1346 1075 1389 pi·aeserebant:«
1112 1358 1152 1377 eo
1178 1346 1318 1382 factum,

178 1409 271 1441 utin
298 1408 386 1440 libro
413 1410 455 1439 de
486 1406 709 1450 scriptoribus
740 1408 974 1440 ecclesiesticis
1006 1407 1185 1452 Pamphilo
1221 1407 1316 1440 lucu-

176 1471 366 1503 brationem
393 1469 476 1502 hane
501 1469 726 1513 adscripserit.
774 1470 885 1502 Verba
918 1469 987 1515 ejus
1012 1479 1105 1502 sunt:
1139 1468 1314 1513 »Scripsit,

176 1542 355 1576 antequam
377 1529 541 1563 Eusebius
566 1530 738 1569 scriberet,
764 1530 1027 1573 Apologeticum
1054 1544 1116 1575 pro
1132 1530 1310 1572 Origene.⁴‹

176 1595 215 1627 ld
247 1593 293 1626 ita
324 1594 462 1625 demum
500 1601 649 1628 excusat·
677 1591 752 1624 libr.
784 1592 828 1624 ll.
863 1592 1009 1635 Apolog.
1042 1593 1169 1624 advers.
1200 1592 1313 1624 Rusio.

175 1670 248 1700 cap.
273 1655 304 1689 6.
356 1655 445 1688 »Sed
470 1667 546 1686 cum
572 1654 643 1697 ipse
677 1653 766 1685 dicat
789 1653 956 1685 Eusebius
987 1653 1204 1698 Pamphilum
1229 1654 1313 1686 nihil

173 1717 364 1762 scripsisse,
398 1716 544 1760 exceptis
576 1714 736 1747 brevibus
770 1714 923 1758 epistolis
947 1714 989 1746 ad
1015 1714 1161 1754 amicos,
1186 1725 1218 1747 et
1242 1715 1311 1759 pri-

173 1793 247 1812 mus
275 1779 361 1811 liber
392 1791 446 1810 sex
481 1778 695 1810 voluminum
727 1776 821 1808 illius
853 1777 970 1808 eadem
997 1786 1031 1809 et
1055 1777 1174 1810 iisdem
1200 1777 1310 1810 verbis

173 1841 354 1880 contineat,
380 1853 464 1885 quae
489 1840 550 1872 sub
576 1839 713 1871 nomine
729 1838 898 1882 Pamphili
923 1852 940 1871 a
964 1848 996 1870 te
1023 1839 1098 1871 ficta
1123 1848 1210 1878 sunt,
1234 1852 1312 1883 per-

171 1903 326 1948 spicuum
355 1911 403 1934 est
427 1911 459 1934 te
485 1902 613 1934 idcirco
641 1901 764 1933 librum
790 1901 876 1932 huuc
903 1900 1119 1933 disseminare
1152 1902 1311 1941 voluisse,

171 1975 210 1997 ut
231 1966 292 1997 sub
318 1977 461 2009 persona
494 1963 658 2007 Martyris
691 1962 840 1994 haeresin
875 1962 1127 2002 introduceres;
1165 1975 1310 2008 cumque

172 2026 213 2058 de
240 2026 314 2071 ipso
340 2025 440 2064 libro,
466 2038 566 2069 quem
593 2023 762 2068 Pamphili
786 2024 940 2064 simulas,
966 2025 1071 2056 multa
1094 2024 1309 2069 perverteris,

266 2177 298 2220 ¹)
323 2176 408 2208 Vide
440 2175 613 2208 B'Ionitum
647 2184 798 2208 nostrum
829 2175 861 2208 in
897 2176 1104 2220 Apologiam
1135 2176 1304 2220 Pamphili

172 2234 263 2254 num.
290 2221 338 2259 7.,
370 2221 427 2253 ubi
460 2222 543 2254 haec·
570 2222 684 2253 Huetii
717 2221 835 2266 opinio
869 2223 1074 2255 confutatur.
1102 2222 1142 2255 R.
1167 2242 1208 2247 -——
1235 2221 1304 2254 Cfr.

172 2267 224 2300 ed.
251 2276 355 2300 nostr.
381 2267 481 2300 Tom.
506 2266 632 2300 XX1V.
