1403 2492
414 65 729 100 Omoemmonum
755 63 869 97 Lmen
896 64 938 97 11.
1192 61 1233 96 41

102 155 194 189 XVl.
229 167 313 200 quae
344 154 466 187 merito
492 153 760 198 reprelienditur.
807 153 918 185 XVlI.
954 151 1106 184 Pauxilla
1133 165 1234 195 quae-

105 217 181 249 dam
208 216 241 249 iu
267 216 422 258 Origenis
453 217 603 248 favorem
628 214 842 256 colliguntur.
890 214 1018 246 XVllI.
1054 213 1176 245 Utrum
1202 222 1234 244 et

105 278 281 322 quomodo
309 279 477 322 perfectos
501 275 653 308 homines
686 288 785 320 posse
809 288 877 307 non
903 288 1042 319 peccare
1067 284 1156 307 ratus
1182 274 1233 307 sit.

97 334 199 373 ’ΧΙΧ.
232 339 341 384 llujus
367 338 528 381 dogmatis
554 349 666 369 caussa
691 337 837 381 vapulat.
884 337 963 369 XX.
1002 337 1123 370 Utrum
1156 345 1235 380 post

107 410 276 446 acceptam
296 401 433 443 gratiam
446 400 582 432 iteratae
602 397 830 443 poenitentiae
848 398 962 430 locum
977 412 1045 430 nou
1061 411 1235 442 superesse

106 462 297 496 autumarit.
348 462 442 495 XXI.
481 461 604 494 Utrum
638 459 825 504 praeceptis
857 459 978 492 divinis
1010 473 1140 491 morem
1166 459 1236 501 geri

106 536 175 555 non
207 536 306 568 posse
337 523 484 556 senserit.
538 523 650 554 XXII.
689 521 874 565 Suppetiae
907 522 1061 553 seruntur
1085 521 1236 562 Origmi.

106 584 238 617 XXllI.
271 584 393 617 Utrum
416 571 643 624 affirmaverit,
669 583 822 615 homines
839 584 910 615 sola
929 583 995 615 fide
1014 581 1118 628 justos
1137 582 1235 615 effici.

107 646 236 678 XXIV.
272 644 492 686 Investigatur
524 643 594 690 ejus
627 645 748 686 dogma
779 645 821 677 de
853 653 993 689 peccato
1019 644 1174 686 originis,
1205 653 1238 676 et

108 706 174 738 sinc
198 706 365 751 baptismi.
412 707 522 740 XXV.
561 705 654 749 Quid
680 706 744 753 ipsi
769 707 810 739 dc
841 705 1146 751 praedestinatione
1167 706 1239 749 pla—

110 768 234 808 cuerit,
260 768 461 813 disputatur.
507 769 636 802 XXVI.
674 768 738 802 Hic
755 780 891 813 quoque
915 767 1089 800 nonnullis
1111 779 1238 812 poenas

386 830 463 870 dat,
485 830 544 863 sed
569 829 602 862 in
626 829 794 875 aliquibus
817 829 959 876 juvatur.

199 890 223 923 Ι.
260 891 358 924 Nunc
391 905 471 924 vero
507 892 548 924 de
574 892 681 926 libero
707 890 866 930 arbitrio,
902 891 995 935 quod
1019 889 1148 923 animae
1174 889 1239 934 ipsi

108 951 259 985 innatum
284 961 350 994 est3
375 954 484 999 deque
508 953 610 995 gratia
634 953 720 994 Dei,
751 966 835 998 quae
860 952 895 985 in
918 952 1063 985 animam
1091 951 1241 985 infundi-

109 1022 181 1054 tur,
212 1014 293 1059 quid
320 1014 461 1056 Origeni
485 1014 670 1059 placuerit,
703 1015 947 1060 explorandum
974 1023 1040 1056 est;
1072 1027 1134 1046 nec
1166 1027 1239 1047 cam

110 1075 199 1108 enim
224 1076 454 1120 quaestionem
479 1077 649 1109 inoffenso
675 1076 824 1110 decurrit
847 1077 954 1121 pede,
985 1075 1108 1108 mentis
1139 1075 1242 1108 ratio-

109 1137 194 1170 nalis
223 1138 363 1171 arbitrio
395 1138 538 1171 nimium
569 1140 738 1178 tribuens,
773 1138 896 1180 gratiae
921 1150 1002 1169 vero
1034 1137 1166 1169 divinae
1192 1137 1242 1169 in-

111 1198 257 1241 fringens
284 1199 463 1241 auxilium;
490 1201 575 1232 adeo
602 1209 639 1232 ut
663 1213 701 1233 ex
726 1199 795 1245 ejus
819 1199 951 1244 scriptis
975 1199 1125 1232 haeresin
1148 1213 1243 1233 suam

112 1260 258 1293 hausisse
283 1260 364 1293 dicti
394 1261 460 1293 sint
484 1261 673 1303 pelagiani,
710 1274 896 1306 eorumque
928 1261 1100 1294 fraterculi
1125 1261 1244 1294 Massi-

112 1321 243 1355 lienses.
290 1322 378 1355 Hinc
403 1322 630 1369 Hieronymus
656 1322 689 1356 in
715 1336 768 1368 ep.
793 1324 834 1355 ad
861 1323 1138 1367 Ctesiphontem,
1170 1336 1242 1369 cap.

112 1383 161 1422 2.,
192 1383 320 1425 Pelagii
345 1383 534 1416 doctrinam
561 1384 717 1426 Origenis
748 1385 974 1417 ramusculum
1001 1396 1070 1416 esse
1095 1397 1245 1428 pronun-

113 1444 192 1486 tiat3
223 1454 257 1477 et
288 1445 364 1478 libr.
390 1445 420 1480 1.
452 1446 526 1478 adV.
559 1445 753 1488 Pelagium,
799 1460 870 1491 cap.
896 1446 945 1486 7.,
984 1445 1245 1488 pelagianorum

113 1507 309 1549 magistrum
335 1519 404 1540 esse
430 1506 512 1540 dicit
538 1507 600 1542 τὸν
625 1508 790 1554 ἀρχαῖον,
815 1517 990 1541 auctorem
1014 1520 1137 1553 nempe.
1162 1521 1245 1554 ope-

113 1568 159 1601 ris
183 1572 266 1614 περὶ
293 1568 432 1613 ἀρχῶν,
459 1579 492 1602 et
515 1570 590 1606 libr.
609 1569 640 1605 3.
666 1569 909 1605 lucubrationis
934 1568 1096 1615 ejusdem,
1120 1569 1154 1603 in
1179 1570 1246 1603 line

113 1630 280 1675 postremi
306 1631 434 1675 capitiS,
458 1631 717 1673 pelagianorum
742 1632 904 1665 amasium
921 1631 1104 1674 Origenem
1128 1631 1246 1676 appel-

115 1691 173 1726 lat.
222 1691 311 1724 Hinc
336 1692 437 1725 etiam
462 1693 664 1727 Theodorus
688 1693 795 1734 Beza,
827 1694 980 1738 capitalis
1008 1692 1165 1734 Origenis
1188 1693 1247 1725 ad-

117 1753 295 1793 versarius,
319 1753 354 1786 in
378 1764 491 1787 annot.
516 1755 558 1787 ad
575 1755 716 1787 Roman.
744 1755 769 1794 l,
795 1755 824 1789 1.
850 1755 1020 1788 neminem
1038 1754 1083 1786 ait
1099 1754 1246 1796 Origene

117 1815 254 1857 gratiam
281 1815 358 1856 Dei,
383 1816 566 1848 secundum
590 1816 775 1858 Pelagium,
799 1816 902 1858 magis
927 1829 997 1849 esse
1023 1816 1246 1848 adversatum.

119 1875 224 1919 Quod
256 1877 336 1910 totis
366 1877 507 1910 subinde
542 1877 707 1922 capitibus
738 1879 964 1922 comprobare
995 1883 1163 1919 aggressus
1198 1887 1249 1910 est

121 1936 299 1970 Cornelius
324 1938 499 1973 Jansenius
525 1939 669 1984 Iprensis
695 1939 893 1984 episcopus»,
919 1939 1122 1981 Origeniana
1147 1940 1248 1973 verba

121 2011 158 2030 ac
185 1999 316 2031 decreta
342 2013 417 2032 cum
435 2000 620 2042 pelagianis
645 2010 678 2033 et
695 2000 971 2045 Semipelagianis
989 2010 1141 2035 accurate
1167 2013 1248 2033 con-

121 2060 255 2101 ssigens,
281 2070 313 2093 et
337 2071 557 2107 utrorumque
584 2062 826 2095 connexionem
852 2062 938 2095 inter
969 2076 1003 2096 se
1028 2062 1166 2108 copiose
1192 2063 1250 2095 de-

121 2131 318 2155 monstrans.

212 2184 257 2215 II.
305 2186 416 2228 Atque
451 2184 530 2217 llaec
567 2185 760 2231 priusquam
793 2188 833 2219 ad
865 2187 1022 2220 trutinam
1052 2199 1249 2219 revocemus

122 2255 288 2285 nostram,
321 2255 394 2278 autc
422 2246 532 2279 onmia
563 2249 783 2291 repetendum
809 2248 863 2282 hie
889 2259 937 2283 cst
961 2248 1145 2294 quippiam,
1171 2248 1252 2280 levi-
