1403 2492
145 63 213 100 284
483 64 594 98 Pit-rm
621 65 789 99 Dmnzus
814 65 946 100 Hoetu

145 167 269 188 manno
295 153 410 187 Bodio
435 153 468 187 in
495 154 723 188 collectaneis
746 156 903 189 adversus
920 154 1130 190 catholicam
1153 156 1279 190 doctri-

145 230 223 250 nam
246 225 414 262 usurpata.
461 217 547 250 Nam
578 217 605 250 si
631 217 718 264 juxta
744 217 875 250 literam
899 218 935 251 id
959 218 1158 252 sumendum
1183 227 1281 263 puta-

145 292 233 320 mus,
257 288 294 311 ut
318 279 520 311 sumendum
546 279 619 312 vult
643 279 783 325 Many,
808 280 984 324 quomodo
1009 280 1104 326 panis
1127 280 1197 319 ille,
1221 279 1280 325 qui

145 340 302 374 coenanti
328 339 462 373 Christo
489 341 622 374 oblatus
648 350 715 380 est,
747 341 888 382 fractus,
914 351 948 374 et
973 341 1147 386 discipulis
1171 340 1282 374 distri-

145 404 258 442 butus,
289 414 459 447 quemque
489 416 586 435 suum
617 415 688 434 csse
721 415 844 447 corpus
877 403 961 437 dixit
993 403 1162 444 Christus,
1196 402 1281 435 nihil

145 464 239 498 aliud
264 473 313 496 est
347 477 446 508 quam
481 466 642 497 »verbum
677 464 862 497 animarum
895 465 1159 514 nutritoxjum,u
1187 464 1282 510 quod

144 526 323 560 contendit
359 524 512 559 Bodius?
551 525 740 570 Quomodo
774 527 869 572 panis
900 528 978 569 ille,
1012 527 1198 561 secundum
1234 526 1283 567 id,

145 590 239 635 quod
266 602 305 621 ex
327 588 466 621 materia
491 598 688 621 concretum
719 589 829 629 habet,
854 589 887 622 in
909 598 1060 622 ventrem
1085 590 1167 630 abit,
1191 598 1225 622 et
1246 588 1282 622 in

145 664 314 685 secessum
345 649 497 696 ejicitur,
536 660 573 682 ut
607 663 646 682 ex
678 650 832 693 Origenis
865 651 978 684 Tomo
1003 652 1063 685 XI.
1094 651 1130 684 in
1161 649 1282 685 Manli.

144 726 237 746 num.
264 711 317 747 14.
348 711 511 758 objecisse
536 712 721 757 Martyrem
755 725 856 757 supra
889 712 1098 754 notavimus,
1129 712 1156 746 si
1187 711 1282 758 panis

145 776 205 809 ille
233 774 403 806 „Verbum
429 782 478 805 est
494 773 681 805 animarum
695 773 964 807 nutritorium?«
994 774 1093 808 Certe
1110 784 1182 808 tota
1200 774 1282 806 haec

146 835 302 879 Origenis
327 836 369 867 de
386 847 471 879 pane
489 834 552 867 illo
568 834 758 868 dissertatio
779 835 925 868 Tractat.
939 836 1081 869 XXXV.
1109 837 1142 869 in
1161 836 1281 870 Mauh.

145 897 326 941 allegorica
350 906 411 932 est.
457 897 529 929 Nee
555 897 697 930 validius
724 906 790 938 cst,
815 897 909 942 quod
935 897 1012 929 hinc
1038 897 1168 939 colligit
1192 897 1283 930 Mar-

145 971 209 1008 tyr,
235 972 359 1005 corpus
383 958 509 992 Christi
535 972 604 991 esse
630 971 764 1004 panem,
798 972 873 991 curu
899 959 1073 1005 scripserit
1097 959 1281 1001 Origenes:

147 1021 270 1055 »Panis
295 1021 369 1061 iste,
395 1033 496 1065 quem
520 1021 614 1053 Deus
639 1022 789 1054 Verbum
823 1035 945 1066 corpus
974 1035 1072 1054 suum
1103 1034 1174 1054 esse
1199 1022 1283 1054 fate-

143 1093 230 1117 tur.·‹
280 1081 379 1115 Panis
402 1082 492 1114 enim
516 1082 639 1114 dicitur
664 1095 787 1127 corpus
812 1082 955 1124 Christi,
987 1083 1064 1128 quia
1089 1082 1183 1128 panis
1207 1082 1283 1123 fuit,

145 1155 179 1178 et
212 1158 302 1178 nune
333 1156 470 1189 quoque
505 1157 583 1176 cum
619 1156 742 1189 corpus
775 1144 898 1178 Christi
924 1154 991 1185 est,
1013 1144 1108 1189 panis
1131 1144 1283 1190 speciem

144 1207 239 1251 gerit.
289 1206 378 1239 Hinc
401 1205 594 1250 appellatur
618 1205 719 1238 etiam
747 1203 852 1251 ἄρτος
873 1204 1122 1251 ἁγιαζόμενος,
1145 1216 1179 1240 et
1203 1219 1284 1239 con-

143 1278 293 1302 secratus
317 1267 424 1313 panis,
448 1268 514 1300 hoc
539 1277 607 1308 est,
632 1277 670 1300 ut
692 1268 739 1301 sic
764 1268 894 1314 loquar,
921 1268 1018 1314 panis
1041 1270 1283 1302 transsubstan-

143 1331 244 1365 tiatus
269 1330 303 1363 in
328 1343 452 1374 corpus
478 1329 612 1363 Christi.

238 1391 459 1437 Apertissima
485 1404 564 1423 vero
592 1391 658 1424 loci
686 1392 777 1425 tertii
799 1393 976 1434 sementia,
1001 1403 1038 1427 ut
1061 1395 1184 1427 frustra
1209 1406 1283 1426 eam

144 1466 302 1499 perversa
328 1453 553 1498 explicatione
580 1466 799 1497 corrumpere
825 1455 956 1501 Martyr
978 1456 1170 1489 contendat.
1218 1455 1284 1488 Ta-

145 1517 186 1549 lis
211 1516 269 1548 ille
294 1524 345 1547 est
369 1514 471 1547 Hom.
498 1515 557 1548 IX.
581 1514 616 1547 in
640 1515 746 1547 Levit.
772 1529 864 1548 num.
893 1518 943 1550 10.
995 1517 1111 1550 »Ritus
1137 1517 1282 1561 >quidem

145 1578 235 1623 apud
265 1578 400 1609 Veteres
423 1575 680 1620 propitiationis
704 1590 768 1621 pro
794 1578 1007 1618 hominibus,
1032 1579 1091 1624 qui
1115 1579 1216 1611 fiebat
1240 1579 1282 1611 ad

145 1641 271 1678 Deum,
297 1638 442 1683 qualiter
468 1631 706 1678 celebraretur,
732 1638 885 1671 edocuit:
911 1641 969 1672 sed
995 1649 1030 1672 tu
1056 1640 1111 1685 qui
1127 1641 1168 1673 ad
1187 1640 1284 1674 Chri-

144 1711 233 1735 stum
260 1699 390 1739 venisd,
415 1699 618 1731 Pontificem
645 1713 780 1740 verum,
812 1700 869 1745 qui
896 1702 1055 1743 sanguine
1082 1715 1144 1735 suo
1170 1702 1282 1735 Deum

145 1764 208 1797 tibi
234 1761 423 1808 propitium
448 1761 547 1801 fecit,
579 1772 613 1812 et
643 1760 879 1796 reconciliavit
911 1773 943 1796 te
976 1764 1084 1804 Patri,
1114 1777 1182 1796 non
1208 1765 1283 1796 hae—

145 1838 218 1859 reas
243 1824 278 1857 in
303 1823 461 1865 sanguine
487 1824 604 1864 carnis,
628 1825 687 1857 sed
713 1824 802 1857 disce
829 1826 944 1870 potius
958 1825 1150 1868 sanguinem
1168 1826 1284 1867 Verbi,

147 1897 181 1921 et
204 1886 283 1919 audi
308 1885 419 1931 ipsum
443 1885 506 1918 tibi
532 1885 710 1926 dicentem,
740 1887 836 1931 quia«
867 1888 963 1923 »nltic
978 1888 1008 1932 ¹)
1032 1888 1164 1930 sanguis
1188 1901 1283 1921 meus

147 1959 215 1989 est,
249 1947 306 1993 qui
339 1960 403 1992 pro
438 1947 533 1980 vobis
572 1949 768 1981 effundetur
798 1948 831 1981 in
863 1949 1095 1982 remissionem
1127 1959 1284 1994 peccato-

146 2024 277 2044 rum.««
326 2009 447 2051 Agitur
482 2010 559 2042 hoc·
587 2010 665 2042 loco
699 2011 741 2043 de
778 2011 948 2045 sacrificiis
986 2012 1163 2053 Mosaicis,
1199 2025 1284 2057 quae

146 2074 252 2115 figura
280 2081 372 2104 erant
396 2071 516 2103 mortis
541 2071 674 2105 Christi.
724 2074 856 2106 Idcirco
881 2087 949 2107 non
973 2074 1179 2107 haerendum
1202 2073 1283 2107 scri-

147 2134 198 2167 bit
223 2133 386 2176 Origenes
414 2132 448 2165 in
472 2135 631 2175 sauguine
660 2136 777 2175 carnis,
802 2135 867 2168 hoc
893 2144 942 2168 est
966 2134 1001 2168 in
1024 2135 1193 2170 sacrificiis
1218 2135 1284 2169 Tc-

245 2264 277 2308 ι)
303 2261 422 2296 Μειιὼ.
449 2267 563 2300 XXVJ
601 2266 654 2299 ος,

571 2293 642 2306 ,--
