1403 2492
384 117 696 150 Omommmonum
727 116 837 148 Lmen
867 115 908 149 11.
1136 115 1198 150 107

60 220 113 240 sae
139 208 232 246 loeis,
257 207 350 238 velut
375 207 503 240 Homil.
527 205 559 241 8.
584 206 616 237 in
643 205 748 238 Levit.
773 217 865 237 num.
891 204 935 244 3.,
960 205 1018 237 ubi
1043 205 1196 238 homines

59 269 91 301 in
117 268 351 313 iniquitatibus
377 267 520 312 concipi,
547 276 578 299 et
603 267 636 299 in
661 266 806 310 peccatis
832 266 922 298 nasci
946 267 1073 305 asserit,
1097 276 1196 311 atquc

61 330 188 363 idcirco
215 331 377 374 scriptum
412 341 497 361 esse:
531 329 699 367 „„Nerno
721 329 750 371 ¹)
781 329 926 360 mundus
957 341 975 361 a
1005 329 1123 368 sorde,
1156 342 1197 361 nc

59 392 85 425 si
109 393 210 425 unius
234 392 300 425 diei
334 391 375 424 sit
408 390 474 422 vita
499 389 648 434 ejus:““
684 391 907 434 (quamquam
931 389 1060 423 Homil.
1087 390 1140 425 12.
1165 391 1198 422 in

58 454 165 487 Levit.
190 466 282 486 num.
308 453 359 492 4.’,
393 461 426 484 et
449 450 578 484 Homil.
603 450 657 485 14.
682 451 717 483 in
740 451 821 483 Luc.
846 451 963 484 sordes
987 452 1079 492 illas,
1119 465 1199 497 quas

61 524 232 548 nascentes
257 514 495 553 contrahimus,
519 526 537 545 a
561 522 701 557 peccato
728 512 917 554 distinguit,
943 522 976 545 et
1001 514 1198 558 conceptio-

59 577 110 609 nis
135 586 235 621 atque
260 585 353 609 ortus
377 575 571 620 spurcitiem
597 584 632 607 et
655 574 853 607 foeditatem
876 574 1055 616 significari
1067 576 1200 619 putat);

60 638 189 683 alioqui
223 637 427 682 baptismum
461 635 610 681 parvulis
649 635 683 668 in
714 636 947 669 remissionem
978 645 1198 681 peecatorum

59 699 204 732 conferri
229 699 379 742 solitum,
405 710 691 742 supervacaneum
715 699 790 730 fore
815 708 850 730 et
872 697 1040 731 inutilem.
1099 698 1199 730 Paria

58 761 201 806 replicat
225 761 327 795 Tom.
350 760 424 793 XV.
455 759 490 792 in
523 759 644 793 Matth.
670 773 762 796 num.
786 760 858 801 23.‚
889 769 923 792 et
945 759 1115 804 baptismo
1141 759 1199 791 de-

59 823 165 855 cernit
189 822 334 864 abstergi
358 823 493 861 sordes,
528 834 608 866 quas
633 831 805 854 nascentes
833 821 1079 863 contrahimus;
1104 820 1199 853 vide-

59 885 139 917 licet
161 893 351 929 peccatum,
377 883 467 929 juxta
490 883 579 916 illud
603 883 744 916 Davidis
769 883 892 916 Psalm.
907 884 963 923 LI,
978 884 1010 919 5.
1047 883 1197 923 ‚‚‚,Ecce

59 946 148 978 enim
173 945 207 978 in
233 945 465 990 iniquitatibus
491 954 676 989 conceptus
701 957 793 985 sum,
827 955 860 978 et
889 945 921 977 in
947 944 1094 989 peccatis
1118 957 1198 976 con—

59 1008 150 1053 cepit
174 1020 228 1040 me
253 1017 361 1040 mater
384 1013 522 1040 mea.““
570 1007 669 1039 Unde
700 1006 862 1047 solvitur,
893 1016 931 1039 ut
955 1008 990 1039 id
1015 1007 1126 1039 obiter
1150 1006 1199 1038 di-

59 1083 130 1103 cam
145 1095 153 1109 ,
197 1070 382 1114 impactum
419 1068 619 1111 Origenistis
659 1068 787 1101 crimen
821 1069 986 1108 alterum,
1032 1067 1197 1100 censuisse

57 1133 150 1176 ipsos
181 1125 317 1176 peccata
348 1144 417 1164 non
450 1131 526 1164 tolli
552 1143 614 1174 per
637 1130 862 1174 baptismum,
898 1131 957 1162 sed
982 1129 1061 1171 tegi.
1109 1129 1199 1161 Hinc

60 1194 132 1237 ipse
157 1193 332 1226 jansenius
357 1192 538 1233 Origenem
564 1192 605 1224 de
630 1200 772 1235 peccato
792 1191 932 1233 originis
954 1204 1023 1223 nou
1048 1190 1156 1222 videri
1181 1203 1198 1221 a

63 1255 241 1288 catholiea
281 1253 433 1286 doctrina
468 1252 628 1285 dissidere
662 1254 834 1285 confessus
867 1263 935 1285 est:
973 1252 1051 1284 hinc
1086 1252 1199 1296 ipsum

61 1329 137 1349 sana
162 1315 317 1348 docuisse
350 1315 392 1347 de
425 1315 550 1346 effectu
582 1314 760 1358 baptismi3
790 1327 852 1358 per
883 1327 959 1346 eum
993 1327 1115 1358 nempe
1142 1314 1199 1346 dc-

59 1377 143 1422 poni
170 1376 301 1421 peccati
327 1376 454 1415 sordes,
481 1385 514 1407 et
539 1388 639 1408 omne
657 1389 820 1408 noxarum
838 1388 941 1417 genus
963 1375 1087 1408 auferri
1102 1388 1199 1419 prae-

61 1439 175 1472 dicant
198 1438 503 1480 Magdeburgenses
530 1436 667 1471 Centur.
695 1437 756 1470 III.
790 1450 860 1481 cap.
887 1437 939 1471 10.
988 1436 1026 1470 Si
1059 1437 1141 1481 quid
1165 1436 1199 1469 in

59 1501 128 1534 illis
151 1510 264 1533 tamen
290 1498 551 1532 Commentariis
582 1499 616 1531 in
648 1512 701 1543 ep.
726 1499 768 1531 ad
791 1499 966 1532 Romanos
989 1499 1200 1532 orthodoxae

59 1563 139 1595 fidei
172 1575 291 1607 parum
325 1570 585 1593 consentaneum
620 1570 794 1600 occurret,
824 1561 1019 1593 meminerit
1049 1560 1200 1593 eruditus

59 1625 179 1664 lector,
203 1637 271 1656 non
295 1632 365 1655 tam
389 1622 530 1654 illorum
555 1631 729 1655 auctorem
754 1623 1012 1656 existimandum
1038 1636 1108 1656 esse
1123 1622 1201 1656 Ori-

60 1699 190 1729 genem,
215 1698 313 1730 quam
327 1684 500 1724 Rufinum,
525 1697 543 1716 a
567 1698 635 1729 quo
663 1697 733 1717 non
758 1694 825 1717 tam
850 1685 1074 1730 interpretati,
1099 1697 1201 1729 quam

62 1747 171 1780 recusi
198 1756 230 1779 et
253 1745 452 1790 interpolati
477 1755 570 1786 sunt;
602 1746 763 1779 Rufinum
794 1756 907 1779 autem
937 1756 1005 1779 tam
1030 1759 1132 1790 prave
1159 1747 1200 1778 de

61 1817 202 1852 peccato
229 1807 365 1850 originis
397 1807 556 1847 sensisse,
588 1817 625 1839 ut
658 1809 748 1852 apud
785 1808 1046 1850 Carthaginense
1078 1807 1201 1840 Conci-

65 1869 147 1902 lium
172 1870 344 1914 professus
368 1869 411 1901 sit
431 1868 627 1909 Caelestius,
651 1881 685 1901 se
710 1870 751 1901 ab
776 1882 817 1901 eo
842 1869 1010 1913 accepisse
1036 1868 1201 1901 nefarium

64 1931 151 1963 illud
176 1932 308 1973 dogma,
331 1931 505 1963 traducem
530 1931 660 1975 peccati
683 1943 752 1963 non
781 1943 868 1970 esse,
899 1940 937 1963 ut
961 1931 1066 1963 refert
1089 1931 1202 1971 Augu-

66 1993 169 2025 stinus
195 1992 256 2025 lib.
281 1993 323 2025 ll.
349 1993 390 2025 de
414 2002 542 2037 peccat.
568 1992 720 2034 original.
747 2006 818 2037 cap.
843 1993 873 2029 3.

158 2055 301 2086 Notetur
325 2054 457 2087 ints-rim
492 2055 645 2100 capitalis
669 2054 869 2101 Hieronymi
901 2055 1057 2087 adversus
1082 2054 1201 2096 Orige-

66 2129 141 2147 ιιι-η»
169 2115 386 2156 insimulatio,
413 2117 445 2149 in
470 2130 534 2161 qua
559 2117 682 2150 desinit
708 2117 794 2149 liber
818 2117 923 2162 ipsius
946 2115 1065 2150 tertius
1085 2117 1201 2148 adver-

67 2191 119 2209 sus
146 2177 350 2217 Pelagianos.
405 2178 540 2221 »Quod
565 2178 592 2211 si
616 2178 780 2224 injusta,«
821 2179 947 2225 inquit,
975 2177 1098 2212 »vobis
1124 2178 1202 2221 (Pc-

165 2307 195 2349 ¹)
222 2307 294 2340 (Isr.
321 2307 398 2338 Job.
426 2306 516 2345 XIV,
550 2307 572 2339 l.
598 2307 627 2340 5.
