1403 2492
400 84 710 119 Onmnmmonum
734 83 848 118 Lmen
872 83 912 117 ll.
1145 85 1212 120 249

85 171 196 206 rierit:
222 173 277 206 alii
302 173 512 218 suspicantur
537 185 674 216 corpus,
699 173 792 217 quod
819 173 925 205 Filius
950 171 1015 205 Dei
1039 172 1212 206 habiturus

86 243 169 266 esset
193 246 231 266 ex
255 234 379 274 Maria,
414 235 519 279 ipsam
551 247 621 267 esse
653 233 851 275 imaginemg
881 233 938 265 alii
968 246 1120 274 sensum;
1153 234 1212 265 alii

84 294 261 336 virtutcm;
299 297 353 329 isti
382 296 574 341 Baptisma3
612 295 662 334 hi,
695 295 788 339 quod
821 295 924 327 homo
956 295 997 327 ad
1029 295 1210 337 imaginem

83 355 150 388 Dei
175 357 368 390 dominetur
399 357 585 389 omnibus.«
641 357 776 389 Nicetas
807 368 886 388 vero
917 355 952 387 in
973 356 1131 390 thesauro
1157 369 1213 389 or·-

84 418 254 451 thodoxae
277 418 368 459 fidei,
388 418 467 451 libr.
493 418 548 450 lV.
573 418 673 450 Haer.
698 417 770 457 31.‚
807 416 928 450 dixisse
958 417 1004 450 ait
1029 418 1212 460 Origenem

83 479 268 519 Adamum,
292 489 469 524 antequam
494 488 668 524 peccaret,
701 478 845 520 effigiem
877 478 1056 512 humanam
1088 492 1213 524 corpo—

82 540 148 573 reis
171 540 354 574 involucris
377 542 581 581 immunem,
615 549 648 573 et
678 540 750 573 sola
779 540 922 572 humana
946 542 1056 573 forma
1079 541 1214 585 praedi-

83 610 151 634 tam
183 615 410 644 conservasse3
447 603 594 635 admisso
623 610 735 634 autem
768 611 910 646 peccato
941 603 1085 634 formam
1117 603 1210 635 illam

83 663 242 704 amisisse,
267 677 343 696 cum
368 677 490 709 corpus
513 663 586 696 hoc⁴
603 663 713 695 anima
737 664 850 696 subiit.
897 664 987 696 Tum
1021 663 1144 697 deinde
1167 665 1210 696 de

83 724 232 767 Origene
256 726 336 758 haec
361 725 510 758 disserit:
536 725 660 758 »Aliud
677 724 764 757 enim
781 726 906 765 Deum,
929 725 1022 757 aliud
1046 725 1092 764 id,
1118 727 1212 770 quod

82 786 124 818 ad
154 786 330 829 imaginem
362 789 579 820 efformatum
611 797 677 829 est3
707 787 800 819 aliud
831 787 911 819 item
941 786 1211 829 similitudinem,

81 847 174 880 aliud
197 847 243 888 id,
267 849 360 893 quod
384 849 425 881 ad
449 848 706 881 similitudinem
730 849 890 880 effectum
911 856 970 887 est,
995 860 1066 880 esse
1088 857 1212 882 statue-

58 903 147 942 ⁴bat.
196 910 305 954 Atque
328 909 452 954 primas
478 910 615 955 quidem
640 910 800 952 imagines
825 919 858 941 et
881 909 1119 943 similitudines
1143 911 1210 944 Dei

81 970 226 1012 angelos,
249 971 396 1016 aliasque
421 971 560 1004 virtutes
576 984 646 1004 esse
661 971 811 1004 dicebat:
832 983 894 1004 nos
916 980 1027 1004 autem
1043 973 1211 1005 secundos

80 1033 122 1064 ab
145 1032 231 1072 illis,
259 1042 298 1065 ut
329 1033 476 1066 minores
499 1033 584 1073 illis,
615 1032 672 1078 qui
704 1033 746 1065 ad
770 1031 910 1064 illorum
942 1032 1072 1066 scilicet
1095 1033 1213 1076 imagi-

80 1106 158 1126 nem
190 1094 360 1129 efformavi
390 1095 502 1128 simus.
562 1095 698 1128 Deinde
737 1094 778 1126 ad
817 1093 986 1126 deteriora
1018 1095 1210 1136 deflectens,

82 1155 261 1197 imaginem
284 1155 461 1188 invisibilis
486 1156 553 1188 Dei
576 1155 796 1197 Unigenitum
820 1154 951 1187 Filium
977 1165 1093 1196 vocat,
1117 1158 1212 1201 Apo-

80 1218 200 1250 stolica
225 1230 309 1250 voce
334 1227 511 1262 corrupta,
543 1231 606 1250 nec
630 1230 671 1250 eo
696 1216 848 1262 adjecto,
877 1217 969 1261 quod
993 1216 1026 1249 in
1051 1217 1112 1249 illo
1137 1231 1212 1253 mu-

81 1279 202 1312 tationi
227 1279 410 1312 obnoxium
435 1292 502 1311 non
529 1288 594 1320 est;
617 1290 745 1322 nosque
769 1279 809 1310 ad
835 1278 1011 1319 imaginem
1038 1278 1123 1319 Dei,
1151 1293 1210 1313 seu

81 1342 162 1374 Filii
191 1341 363 1384 Unigeniti
396 1341 502 1373 factos
543 1354 612 1374 esse
635 1341 769 1379 scribit,
811 1340 903 1383 quod
937 1339 1110 1384 impietate
1140 1354 1209 1374 non

79 1412 200 1437 carew<

172 1465 270 1498 Certe
295 1465 321 1497 si
345 1464 422 1497 satis
448 1473 616 1497 constaret
641 1463 760 1496 dixisse
786 1463 986 1506 Origenem,
1009 1476 1071 1507 per
1089 1476 1211 1508 pecca-

78 1537 150 1559 tum
174 1527 353 1568 imaginem
379 1526 444 1558 Dei
472 1527 634 1558 Adamum
661 1525 824 1563 amisisse,
853 1524 1073 1566 Augustinum
1097 1534 1210 1558 tamen

79 1588 143 1622 sibi
166 1588 404 1630 suffragantem
429 1588 585 1628 haberet,
616 1588 673 1632 qui
706 1587 781 1619 libr.
807 1588 864 1619 Vl.
889 1588 932 1619 de
957 1586 1078 1620 Genes.
1104 1588 1146 1620 ad
1171 1589 1211 1620 li-

81 1660 143 1683 ter.
177 1664 248 1695 cap.
272 1650 326 1684 27.
367 1649 412 1682 ita
442 1650 613 1694 loquitur:
651 1651 764 1682 »Hanc
800 1648 979 1690 imaginem
1014 1648 1048 1680 in
1087 1650 1209 1695 spiritu

81 1712 203 1744 mentis
227 1712 422 1755 impressam
447 1711 597 1754 perdidit
612 1712 721 1743 Adam
743 1724 806 1755 per
821 1719 1009 1754 peccatum,
1035 1723 1134 1755 quam
1159 1725 1211 1743 re-

82 1774 232 1818 cepimus
260 1786 324 1817 per
352 1772 490 1814 gratiam
521 1772 699 1818 justitiae,«
753 1772 792 1804 ld
824 1771 1044 1804 nihilominus
1076 1773 1211 1806 emollit

82 1836 157 1868 libr.
183 1835 225 1867 ΙΙ.
271 1835 450 1867 Retractat.
477 1846 547 1878 cap.
567 1833 634 1873 24„
658 1846 726 1865 non
750 1845 875 1865 erasam
901 1845 939 1864 ex
964 1833 1101 1866 homine
1126 1835 1210 1867 hanc

81 1897 259 1939 imaginem
297 1896 426 1935 dicens,
465 1897 524 1928 sed
554 1896 599 1928 ita
629 1896 873 1935 deformatam,
912 1903 948 1927 ut
978 1895 1081 1931 fuerit
1102 1897 1210 1928 resor-

82 1960 213 1992 manda.
261 1961 305 1991 At
335 1958 362 1990 si
395 1958 546 1990 doctrina
579 1957 751 2000 Origenis,
786 1970 854 1989 non
880 1969 917 1988 ex
943 1957 1209 1991 adversariorum

84 2020 400 2065 conquestionibus,
437 2020 494 2052 sed
527 2033 564 2051 ex
596 2019 666 2065 ejus
696 2028 868 2063 spectetur
900 2019 1026 2059 verbis,
1058 2030 1160 2064 prout
1192 2034 1210 2054 a

84 2082 219 2120 Rufino,
244 2081 311 2112 levi
336 2093 470 2124 prorsus
495 2080 691 2125 interprete,
717 2093 876 2113 conversa
892 2089 978 2119 sunt,
1003 2080 1072 2112 sine
1098 2094 1210 2114 caussa

83 2145 136 2176 lnic
161 2144 270 2187 ipsum
296 2142 453 2186 vapulare
479 2142 666 2174 fatebimur.
716 2144 800 2175 Nam
826 2142 936 2174 animo
962 2142 1116 2183 hominis,
1141 2156 1209 2176 non

84 2206 230 2249 corpori,
255 2204 431 2246 imaginem
455 2204 521 2236 Dei
546 2205 740 2249 impressam
766 2217 834 2237 esse
861 2205 971 2243 docet,
999 2217 1072 2236 cum
1100 2218 1116 2237 a
1132 2206 1208 2238 Deo

85 2267 239 2310 conditus
266 2275 327 2298 este
362 2265 428 2298 Dei
452 2279 530 2298 vcro
557 2266 810 2300 similitudinem
838 2276 916 2299 tunc
943 2266 1099 2309 adipisci,
1132 2281 1208 2300 cum
