1403 2492
192 70 237 104 68
535 70 645 102 Perat
671 69 842 102 DANmms
869 69 997 103 fluam

196 160 317 193 hibitio
347 160 446 201 legis,
473 159 552 192 licet
577 159 666 199 illos,
693 159 749 204 qui
774 170 850 192 sunt
874 161 961 192 male
987 160 1153 205 dispositi,
1179 162 1332 195 cohibeat

196 223 237 254 ab
272 221 495 254 exterioribus
525 221 672 266 peccatis
709 222 784 254 solo
824 234 955 265 poenae
991 222 1130 263 timore,
1168 224 1332 268 quosdam

196 293 307 316 tamen
339 284 424 315 bene
456 283 637 328 dispositos
675 283 803 316 inducit
833 296 894 327 per
917 296 1068 316 amorem
1093 284 1240 326 virtutis;
1275 286 1333 318 sed

196 345 256 377 ista
281 345 370 376 bona
395 344 574 389 dispositio
600 354 763 389 quantum
790 345 831 377 ad
856 345 983 389 aliquid
1010 355 1122 390 potest
1140 359 1211 379 esse
1235 360 1253 380 a
1278 360 1332 379 na-

196 415 286 446 tura,
310 407 370 438 sed
395 405 464 451 ejus
489 406 658 451 perfectio
684 419 751 438 non
779 414 826 437 est
851 406 913 438 nisi
939 420 1002 451 per
1024 407 1180 448 gratiam,
1207 421 1244 440 ex
1270 422 1334 452 qua

195 467 377 510 contingit,
409 468 501 512 quod
534 467 634 500 etiam
668 467 739 508 lege
766 468 870 499 veteri
896 469 989 508 data,
1024 481 1094 502 non
1118 469 1154 502 in
1178 470 1334 502 omnibu.-

194 540 370 575 peccatum
403 530 569 570 abundat,
601 529 658 562 sed
692 529 725 560 in
756 529 923 573 pluribus.
982 529 1131 573 Quidam
1157 544 1237 564 vero
1263 532 1334 573 lege

191 592 414 637 prohibente,
439 601 471 623 et
495 592 598 633 gratia
624 589 766 622 ulterius
791 590 988 636 adjuvante,
1020 593 1059 624 ad
1086 592 1334 637 perfectionem

191 652 353 686 virtutum
378 654 515 686 tandem
539 661 782 697 pervenerunt,
806 653 991 699 sequudum
1015 653 1101 687 illud
1127 654 1206 699 Sap.
1227 654 1331 688 Sirac.

190 716 312 755 XLIV,
339 716 366 750 1.
404 703 642 747 »»Laude1nus
675 712 765 746 viros
796 713 1032 755 gloriosos,««
1080 726 1141 749 etc.
1184 725 1215 748 et
1247 715 1334 748 insra

194 790 277 810 vers.
303 777 333 812 3.
364 792 402 809 „n
412 777 577 810 Homines
596 788 735 818 magnos
752 773 928 808 virtute.««
969 776 1180 820 suffragatur
1197 787 1231 810 et
1247 778 1333 810 illud

190 840 354 879 Thomae‚
371 849 488 872 nostro
503 837 718 877 Adamantio,
733 850 770 869 ex
790 846 874 881 part.
891 837 921 871 1.
935 837 965 872 2.
982 849 1106 883 quaest.
1121 839 1174 874 98.
1192 839 1285 872 artic.
1303 840 1332 874 1.

193 920 208 933 υ
221 902 284 934 Lex
310 910 404 934 vetus
428 899 550 933 rationi
577 899 801 938 consonabat,
825 893 923 943 *quia
948 901 1258 945 concupiscentiam
1283 915 1334 933 re-

191 963 374 1007 primebat,
406 975 490 1007 quae
524 961 646 994 rationi
677 962 887 1000 adversatur,
920 971 956 993 ut
982 972 1073 1006 patet
1099 963 1130 995 in
1156 963 1216 995 illo
1241 976 1333 995 man-

190 1025 285 1057 dato:
323 1026 452 1057 »nNon
479 1023 698 1067 concupisces
723 1035 794 1054 rem
820 1023 966 1066 proximi
993 1024 1106 1056 tui:««
1151 1026 1242 1069 quod
1269 1038 1330 1068 po-

189 1085 282 1118 nitur
298 1085 407 1118 Exod.
425 1086 501 1125 XX,
521 1085 572 1119 17.
598 1085 673 1128 Ipsa
699 1083 799 1116 etiam
826 1085 938 1117 omnia
964 1096 1100 1129 peccata
1118 1086 1332 1130 prohibebat,

190 1160 274 1192 quae
299 1156 377 1180 sunt
401 1157 516 1179 contra
543 1136 745 1179 rationem«
801 1146 850 1178 Et
875 1147 1018 1180 articulo
1043 1158 1206 1192 sequente
1231 1149 1333 1181 docet

186 1209 295 1251 legem
320 1218 468 1241 veterem
502 1207 682 1240 »homines
709 1207 879 1240 ordinasse
904 1209 945 1241 ad
972 1208 1142 1242 Christum
1167 1222 1229 1254 per
1253 1222 1327 1242 rno-

188 1272 268 1304 dum
309 1270 480 1317 cujusdam
513 1269 764 1315 dispositionis,
802 1269 883 1301 dum
921 1270 1092 1304 retrahens
1125 1271 1278 1304 homines
1311 1284 1329 1304 a

187 1332 281 1366 cultu
304 1331 539 1373 idololatriae,
574 1331 802 1364 concludebat
829 1344 886 1364 eos
918 1333 980 1364 sub
1006 1334 1098 1365 cultu
1130 1333 1227 1366 unius
1251 1333 1330 1373 Dei,

187 1407 205 1427 a
229 1408 298 1439 quo
323 1393 518 1426 salvandum
544 1402 612 1425 erat
638 1393 821 1424 humanum
845 1406 947 1434 genus
972 1408 1034 1438 per
1058 1395 1266 1428 Christum«

278 1457 358 1489 ΧΠ.
395 1457 507 1500 Atque
537 1455 665 1487 utinam
700 1454 890 1486 commodis
921 1467 1027 1500 aeque
1062 1446 1331 1500 expositionibus

187 1518 391 1560 Origeniana
416 1518 458 1550 de
483 1517 606 1559 gratiae
632 1516 763 1549 divinae
788 1515 921 1549 auxiliis
947 1517 1102 1559 dogmata
1126 1517 1230 1550 lenire
1248 1530 1327 1562 pos-

187 1592 316 1613 semus:
351 1580 514 1623 verum¹)
547 1588 613 1611 tam
647 1587 761 1622 aperte
793 1579 951 1611 adversus
983 1592 1056 1611 eam
1081 1588 1242 1622 grassatus
1267 1589 1326 1620 est,

183 1644 307 1675 frustra
330 1651 368 1674 ut
392 1642 501 1674 omnis
527 1639 800 1678 color,adhiberi
817 1653 915 1684 posse
933 1640 1095 1673 videatur.
1140 1640 1322 1674 Manifesto

189 1704 316 1749 quippe
341 1705 382 1736 ab
408 1705 551 1736 humana
575 1703 768 1741 voluntate,
795 1701 932 1747 ejusque
957 1702 1098 1735 arbitrio
1123 1702 1228 1735 divini
1252 1715 1325 1735 mo-

186 1767 270 1798 dum
294 1777 553 1810 mensuramque
577 1764 691 1797 auxilii
717 1763 867 1808 pendere
893 1763 1012 1804 voluit,
1037 1764 1118 1797 licet
1141 1765 1183 1796 ad
1208 1764 1323 1808 operis

182 1827 431 1871 perfectionem
457 1826 602 1859 coelesti
624 1826 794 1858 hominem
822 1838 935 1858 carere
961 1839 1029 1858 non
1055 1838 1154 1870 posse
1170 1826 1321 1858 subsidio

183 1888 288 1921 fuerit
312 1889 488 1933 opinatus;
512 1889 699 1930 refragante
727 1887 905 1932 Apostolo‚
931 1887 989 1932 qui
1014 1900 1082 1919 non
1103 1888 1320 1932 »perficere«

180 1950 310 1990 solum,
335 1951 394 1982 sed
423 1950 561 1983 »velle«
591 1950 689 1983 etiam
713 1962 730 1981 a
754 1950 832 1981 Deo
859 1961 928 1982 esse
953 1948 1081 1982 sciscit:
1111 1962 1249 1993 prorsus
1272 1958 1320 1989 ut,

180 2024 248 2043 non
281 2011 482 2054 pelagianis,
527 2012 585 2044 sed
620 2010 905 2050 Massiliensibus,
948 2024 1006 2043 seu
1043 2010 1320 2055 Semipelagianis

180 2073 240 2105 hac
272 2073 305 2106 in
338 2083 432 2118 parte
459 2073 620 2115 Origenes
652 2072 851 2116 praeinsisse
885 2072 951 2105 dici
985 2072 1100 2118 possit.
1157 2072 1249 2105 Haec
1279 2082 1318 2105 ut

273 2213 301 2252 ¹)
330 2212 399 2244 Cfr.
426 2214 466 2244 de
492 2212 581 2245 notis
606 2214 712 2246 Ruaei
739 2214 801 2245 huc
825 2215 1054 2258 spectantibus
1070 2214 1236 2247 Excursus
1252 2214 1310 2246 IX.

174 2257 214 2288 ad
241 2258 365 2289 calcem
391 2257 493 2290 Tomi
519 2257 614 2302 hujus
640 2259 823 2303 appositus.
