1403 2492
390 80 703 113 ORIGEMANORUM
729 77 842 110 Lim-:n
867 77 911 110 ΙΙ.
1148 79 1211 113 211

82 169 237 215 opinatus
269 179 336 209 est,
376 181 459 214 quae
491 167 785 202 Chilionetitarum
822 167 974 199 vesaniae
1007 181 1044 199 ex
1074 169 1213 200 adverso

82 241 276 276 repugnant.
335 231 419 264 Inde
455 230 681 275 Hieronymus
720 229 753 261 in
791 230 936 261 Praesat.
978 229 1052 262 libr.
1083 230 1212 263 XVlll.

82 294 310 326 commentar.
334 292 368 324 in
392 291 520 332 lsaiarn,
545 304 628 336 quae
655 300 703 324 est
726 291 766 323 ad
792 290 1033 331 Eustochium,
1058 292 1213 324 adversus

81 354 292 387 Mille-uarios
320 354 502 398 disputans,
526 365 675 385 errorem
699 352 837 385 illorum
871 365 989 384 eorum
1014 353 1131 393 errori,
1156 354 1214 398 qui

80 416 362 449 resurrectionem
379 415 522 456 tollunt,
547 414 753 447 contrarium
768 423 802 446 et
818 413 1014 458 oppositum
1030 427 1099 447 esse
1113 428 1215 457 agno-

81 478 159 512 scit:
184 487 216 511 et
238 478 445 512 Justinianus
471 477 505 509 in
530 476 626 521 epist.
651 477 693 508 ad
718 475 870 521 quintam
896 476 1080 522 synodum,
1114 490 1213 522 quam

82 540 214 572 exhibet
240 539 424 580 Cedrenus,
449 538 637 571 doctrinam
668 537 877 584 Pythagorae
904 547 936 569 et
959 538 1129 578 Platonis,
1154 539 1216 570 hu-

81 601 198 647 jusque
222 601 307 634 adeo
335 602 435 633 verba
464 614 567 645 super
599 599 650 631 his
674 599 769 631 mille
795 612 959 631 annorum
985 599 1135 643 periodis
1161 614 1213 632 ex-

81 676 221 707 ponens,
244 676 317 695 eam
342 663 479 704 Origeni
503 674 667 706 nusquam
689 661 819 693 tribuit.

170 725 300 758 XXHI.
356 723 518 766 Quamvis
549 733 660 756 autem
693 723 906 755 manin-stum
940 723 1063 755 erroris
1102 733 1213 755 tenea—

80 801 154 820 mus
185 786 367 828 Origenem
399 785 433 817 in
464 785 660 829 quaestione
692 786 733 817 de
766 797 951 828 poenarum
984 794 1017 817 ct
1046 785 1212 817 beatitatis

79 848 298 893 perennitate,
321 848 429 879 multa
452 856 565 879 tamen
590 847 623 878 in
650 845 720 891 ejus
745 846 974 878 defensionem
995 847 1118 879 adduci
1134 861 1213 891 pos-

79 920 165 950 sunt,
189 923 266 942 cum
291 923 330 942 ex
355 908 425 954 ejus
451 909 630 953 depromta
653 908 807 952 scriptis,
841 917 912 940 tum
944 910 1033 952 apud
1061 910 1212 942 laudatos

78 972 259 1017 scriptores
283 971 480 1016 conquisita.
519 970 617 1014 Quae
634 970 829 1014 priusquam
842 970 1052 1011 attingamus,
1077 972 1213 1013 dignum

79 1034 165 1066 illud
189 1033 480 1066 animadversione
505 1043 564 1073 est,
589 1033 681 1077 quod
708 1042 953 1065 commemorat
976 1043 1095 1066 auctor
1114 1035 1215 1067 Prac-

80 1096 246 1135 destinati,
269 1108 370 1139 quem
396 1095 502 1127 edidit
526 1096 674 1127 Jacobus
693 1094 905 1134 Sil-mondus,
930 1094 1028 1128 Haor.
1043 1095 1109 1135 43„
1134 1096 1214 1127 Am-

79 1157 269 1202 pullianum
294 1156 459 1200 quendam
489 1155 707 1188 Haereticum
730 1156 914 1201 Bithynum
947 1155 981 1187 in
1006 1168 1078 1188 eam
1103 1157 1213 1189 incur-

80 1219 160 1250 risse
185 1217 349 1257 haeresin,
372 1226 411 1249 ut
436 1217 585 1250 »diceret
609 1230 726 1249 omnes
751 1217 951 1249 criminosos
975 1230 1050 1249 cum
1076 1219 1213 1250 diabolo

81 1290 114 1312 et
138 1278 325 1312 daemoniis
351 1291 391 1310 eo
412 1279 568 1323 usquein
587 1279 735 1319 gehenna
754 1278 912 1323 decoqui,
936 1292 1112 1324 usquequo
1139 1281 1213 1324 puri

81 1341 204 1374 redditi
228 1340 358 1385 possint
390 1340 469 1373 inde
505 1340 622 1372 mundi
656 1350 689 1372 et
712 1341 920 1372 immaculati
945 1341 1107 1381 egrcdiz«
1135 1354 1212 1385 qua-

83 1413 224 1449 propter
248 1416 324 1435 cum
356 1401 547 1434 universam
580 1400 757 1434 ecclesiam
787 1403 963 1433 adversum
994 1414 1029 1433 se
1061 1415 1214 1433 commo-

82 1467 192 1505 visset,
216 1464 350 1496 vitiatos
373 1477 392 1496 a
416 1476 451 1495 se
475 1463 582 1496 libros
605 1463 771 1506 Origenis‚
797 1472 829 1495 et
853 1475 911 1494 eos
936 1463 1130 1507 praecipue,
1156 1465 1212 1508 qui

80 1536 156 1560 sunt
180 1527 263 1572 περὶ
279 1524 414 1570 ἀρχῶν,
438 1525 473 1557 in
496 1525 680 1558 sententiae
696 1538 774 1558 suae
797 1523 1003 1569 praesidium
1021 1525 1212 1568 protulisse.

80 1588 186 1621 Addit
210 1586 334 1620 deinde
359 1585 468 1618 libelli
492 1596 626 1619 auctor:
665 1588 753 1620 »Sed
784 1587 841 1631 qui
865 1586 934 1618 sani
958 1599 1072 1618 sensus
1097 1596 1156 1627 est,
1181 1596 1213 1618 ct

79 1651 180 1683 habet
202 1648 401 1694 splendidos
425 1648 554 1688 oculos,
578 1648 626 1680 sic
644 1648 743 1681 ‘videt
765 1648 878 1681 addita
902 1649 934 1680 in
951 1647 1107 1689 origenis
1131 1662 1215 1692 opu-

80 1711 178 1744 sculis
202 1711 290 1742 mala
312 1709 384 1748 ista,
409 1718 508 1753 atque
533 1710 726 1750 cognoscit,
747 1710 834 1742 sicut
857 1710 883 1742 si
907 1710 942 1742 in
965 1710 1112 1750 stragulo
1137 1723 1213 1741 coc-

82 1774 178 1805 cineo
210 1783 339 1815 pannos
368 1770 479 1810 albos,
512 1779 570 1802 aut
601 1770 762 1816 cujusque
787 1771 924 1803 alterins
950 1771 1076 1802 coloris
1101 1780 1214 1802 cernat

82 1835 247 1866 adsutoss(
296 1833 396 1864 Nunc
421 1845 504 1876 quae
527 1845 591 1876 pro
616 1845 650 1864 se
676 1832 748 1876 ipse
767 1832 985 1865 Adamantius
1009 1831 1213 1875 suppeditat,

84 1894 292 1935 colligamus.
349 1893 502 1926 Primum
527 1894 628 1927 Hom.
653 1894 745 1928 VIII.
778 1894 811 1926 in
837 1893 943 1926 Levit.
968 1906 1059 1925 num.
1084 1894 1116 1926 5.
1142 1906 1212 1925 esse

83 1957 129 1989 ait
159 1964 296 2000 peccata
327 1955 506 1999 quaedam,
539 1968 623 2000 quae
656 1964 753 2000 »post
786 1955 869 1987 hanc
902 1954 1002 1986 vitam
1036 1953 1211 1985 nobiscum

81 2025 266 2056 transcunt,
300 2025 333 2048 et
363 2029 431 2048 esse
461 2016 496 2049 in
526 2016 607 2061 ipsis
639 2017 802 2061 quaedam
832 2016 879 2048 ita
903 2016 1076 2048 animabus
1102 2015 1213 2055 infixa,

82 2090 120 2112 ut
150 2087 316 2123 nequeant
346 2077 512 2111 aboleri«
568 2077 719 2111 Homilia
743 2079 800 2112 IV.
842 2077 875 2110 in
907 2077 1024 2110 Isaiam
1061 2090 1153 2110 num.
1181 2076 1210 2111 1.

82 2141 204 2174 nesciri
227 2139 433 2185 pronuntiat,
457 2151 541 2184 quae
564 2149 644 2184 post
666 2141 830 2173 mundum
845 2148 1003 2173 eventura
1015 2137 1099 2171 sint:
1123 2138 1212 2171 »No-

941 2201 954 2235 l
968 2200 979 2233 't
996 2206 1011 2222 ’⁴‘
