1403 2492
522 74 711 109 Excunsus
1125 73 1190 109 337

43 166 169 211 Ecquis
203 178 273 198 non
306 165 427 198 dixerit
458 166 576 198 Jesum
613 165 648 197 in
680 163 857 209 Apostolis
896 163 1010 196 divina
1041 166 1187 209 quadam

46 228 169 261 virtute
208 237 400 260 exsecutum
435 226 556 266 fuisse,
594 226 687 271 quod
711 225 761 258 his
793 225 998 270 promiserat
1029 227 1184 259 verbim«

49 289 212 322 »»Venite
228 290 258 333 ¹)
282 297 362 333 post
385 301 451 327 me,
476 287 595 320 faciam
621 300 681 320 vos
711 287 896 332 piscatores
931 287 1184 321 hominum?««

45 352 89 384 Et
112 351 215 396 paulo
240 359 336 395 post:
365 349 457 382 »Etsi
479 363 580 394 supra
604 350 812 389 memoravi,
845 351 937 394 quod
972 350 1130 383 Salvator
1153 350 1186 382 in

45 412 229 454 Evangelio
256 411 351 449 dixit,
373 412 481 444 nihilo
513 411 625 443 minus
651 421 763 444 tamen
795 412 886 444 idem
920 425 1033 444 rursus
1065 411 1129 444 huc
1155 421 1189 444 et

45 474 184 519 quidem
218 483 414 518 opportune
446 474 622 506 adducam.
671 474 759 507 Hinc
793 474 882 506 enim
917 473 1025 519 quivis
1057 473 1189 518 perspi-

46 536 122 576 ciet,
148 545 181 569 et
204 535 380 577 Evangelii
411 534 703 580 praedicationem
736 549 753 568 a
786 535 962 568 Salvatore
994 545 1111 568 nostro
1138 535 1188 567 di-

46 597 122 630 vine
147 598 249 630 fuisse
273 598 474 642 praevisam,
500 606 533 629 ct
557 607 680 641 quanta
704 597 748 629 sit
772 597 864 629 verbi
890 597 981 629 illius
1007 597 1074 637 vis,
1101 611 1186 642 quae

45 659 147 692 etiam
179 659 252 692 sine
282 659 448 701 magistris
479 658 596 691 subdit
626 659 691 691 sibi
723 671 798 698 eos,
837 658 895 703 qui
927 659 1031 691 fidem
1056 660 1187 703 ample-

46 731 195 761 ctuntur,
221 734 320 766 quam
347 721 428 766 ipsis
453 721 722 765 amplectendam
737 719 850 752 divina
868 720 972 753 virtus
989 721 1183 765 persuasit.«

45 783 136 816 Hinc
161 796 238 815 cum
265 783 383 816 Celsus
413 783 461 815 sie
492 782 526 814 in
561 782 734 814 Christum
766 781 896 827 jocatus
929 791 1032 815 esset:
1074 785 1137 815 »At
1151 784 1185 827 ²)

45 844 105 877 tali
130 857 214 877 voce
241 857 310 877 non
335 844 444 876 utitur
467 843 534 876 Dei
560 856 700 887 corpus,
724 856 786 875 nec
811 843 934 876 talibus
959 844 1186 888 persuadendi

44 906 205 939 modim«
232 907 419 951 respondet
445 905 627 947 Origenes,
662 905 773 936 facere
807 918 884 937 eum
914 905 1070 952 injuriam
1098 907 1187 939 cele-

45 968 148 1001 bratis
173 969 263 1012 apud
288 966 451 1000 Etlinicos
477 966 634 1006 oraculis,
658 966 691 999 in
719 966 841 1011 quihus
867 980 930 1000 vox
947 968 1105 1000 Deorum
1128 981 1187 1000 au-

46 1030 214 1063 diebatur.
262 1029 351 1062 Tum
379 1029 474 1061 addit
496 1042 590 1061 num.
615 1029 668 1063 70.
715 1031 848 1074 ΙῙολλῷ
883 1030 923 1063 δὲ
948 1030 1078 1064 τούτου
1101 1033 1186 1074 βέλ-

46 1105 127 1126 τιον
151 1085 196 1134 ἧν
219 1089 428 1136 χρήσασθαι
460 1090 524 1124 τὸν
557 1089 647 1125 θεὸν
672 1092 777 1138 qums]
802 1089 1027 1138 ἓμποιούσῃ,
1058 1092 1120 1126 διὰ
1145 1091 1186 1127 τὸ

45 1151 138 1197 μετὰ
163 1152 354 1198 δυνάμεως
378 1151 689 1197 ἀπαγγέλλεσθαι,
716 1148 863 1198 ι’ίφατόν
879 1164 958 1186 τινα
975 1152 1092 1187 πειθώ
1113 1158 1188 1192 τοῖς

47 1213 258 1250 ἀκούουσιν.
312 1213 456 1247 Minime
487 1214 591 1255 igitur
622 1214 766 1254 mirum,
801 1213 828 1246 si
863 1213 1028 1256 Origenes
1059 1214 1187 1249 viribus

45 1276 112 1310 suis
137 1276 307 1316 diffidens,
330 1289 368 1308 ac
393 1276 519 1308 laboris
544 1275 595 1307 sui
620 1275 767 1307 fructum
791 1288 829 1307 ex
855 1275 966 1308 divina
985 1276 1089 1318 gratia
1106 1290 1188 1321 pen-

47 1339 126 1371 dere
151 1351 340 1382 persuasus,
372 1337 419 1369 sie
444 1338 556 1369 Deum
590 1346 747 1381 precatur
779 1337 878 1370 initio
910 1339 986 1371 libr.
1012 1340 1052 1372 V.
1104 1339 1188 1372 »Fa-

47 1400 96 1433 xit
120 1401 225 1439 Deus,
250 1409 288 1431 ut
310 1412 352 1431 ne
377 1399 419 1430 ad
445 1399 529 1430 hanc
544 1398 809 1442 disputationem
830 1401 1011 1433 afferamus
1035 1401 1186 1434 animum

47 1473 309 1506 sermonemque
335 1460 475 1500 nudum,
500 1473 538 1492 ac
564 1460 738 1493 divinitate
757 1474 912 1501 vacuum,
936 1463 1007 1494 sine
1025 1476 1090 1507 qua
1104 1463 1187 1496 fides

48 1537 178 1563 eorum,
207 1522 329 1567 quibus
353 1523 516 1566 prodesse
542 1523 708 1566 cupimus,
733 1523 877 1556 humana
900 1533 1032 1556 tantum
1057 1525 1189 1569 sapien-

48 1585 93 1618 tia
117 1584 301 1625 niteretur3
326 1584 385 1616 sed
409 1593 448 1616 ut
472 1584 603 1629 Spiritu
630 1584 756 1618 Christi
780 1595 922 1630 accepto
955 1586 996 1617 ab
1033 1599 1073 1618 eo
1089 1612 1096 1625 ,
1130 1587 1188 1631 qui

48 1647 141 1679 solus
166 1646 266 1678 illum
292 1646 366 1685 dat,
398 1646 516 1685 Patre,
543 1655 576 1678 et
600 1647 643 1678 ad
668 1646 927 1688 intelligendum
952 1647 1020 1679 Dei
1047 1649 1187 1680 verbum

48 1708 166 1754 adjuti,
193 1720 330 1739 omnem
345 1707 378 1751 ³)
412 1707 624 1740 ahitudinem
657 1717 774 1739 contra
807 1707 1036 1748 cognitionem
1062 1709 1130 1740 Dei
1154 1722 1189 1742 se

48 1769 270 1803 extollentem
296 1769 523 1808 destruamus,
557 1769 728 1813 simulque
761 1768 853 1802 Celsi
880 1770 1020 1809 fastum,
1061 1783 1129 1814 quo
1154 1770 1188 1803 in

48 1845 122 1872 nos,
146 1831 180 1864 in
204 1831 320 1864 Jesum
345 1840 511 1870 nostrum,
536 1830 570 1862 in
597 1831 718 1863 Mosen
745 1839 778 1863 et
802 1831 986 1875 prophetas
1006 1831 1189 1872 insolescit,

49 1893 283 1938 reprimamus.
331 1892 430 1925 Faxit
454 1892 524 1933 ille,
550 1893 697 1937 inquam,
723 1892 781 1937 qui
800 1893 901 1937 dat⁴)
927 1894 1067 1925 verbum
1091 1907 1189 1926 evan-

50 1954 269 1997 gelizantibus
302 1954 425 1986 virtute
457 1954 582 1995 multa,
618 1963 656 1986 ut
687 1954 810 1987 eodem
841 1955 946 1987 verbo
977 1955 1077 1988 nobis
1109 1969 1191 1988 con-

148 2098 179 2142 ¹)
205 2098 325 2131 Matth.
351 2098 409 2138 IV,
436 2098 487 2133 19.

144 2153 179 2198 ²)
205 2153 275 2188 Cfr.
302 2154 360 2187 lib.
387 2155 412 2186 I.
442 2164 557 2187 contra
586 2155 675 2189 Cels.
706 2169 797 2188 num.
823 2155 876 2190 70.

142 2207 178 2253 ³)
205 2209 274 2242 Cfr.
300 2209 330 2242 II
358 2209 438 2242 Cor.
466 2211 510 2250 X,
535 2210 564 2244 5.

146 2264 180 2308 Δ)
206 2264 329 2297 Psalm.
355 2265 514 2306 LXVIII,
541 2267 592 2301 11.
618 2267 792 2311 (LXVII.)

95 2325 275 2359 ORIGEMS
303 2326 440 2360 Omm.
468 2328 564 2360 ΤοΜ.
592 2329 724 2360 XXIII.
951 2329 995 2363 22
