1403 2492
386 94 700 127 Onici-:mmmmm
727 91 838 124 Luam<
863 91 906 123 11.
1148 93 1213 129 145

72 184 154 216 illue
179 183 364 227 impulsum
392 184 493 216 fuisse
525 183 691 218 dicerem,
725 180 782 225 qui
813 180 915 212 finem
948 182 1097 225 ponebat
1132 184 1215 224 '330-

71 249 228 287 μοι’ωσιν
252 247 300 290 τῷ
325 247 419 289 θεῷ,
459 245 569 277 Deum
603 251 714 274 autem
747 254 892 286 corpore
927 242 1006 275 licet
1029 254 1214 287 carentem,

72 309 181 340 forma
207 308 346 349 globosa
371 305 558 351 praeditum
584 304 749 346 fingebat,
775 305 1064 348 quemadmodum
1091 316 1123 339 et
1145 309 1214 342 Xe-

73 370 265 414 nophanes,
298 378 332 401 ut
367 377 414 400 est
446 367 535 412 apud
562 365 764 398 Ciceronem
791 366 821 399 4.
850 367 1060 407 Academia,
1093 378 1126 400 et
1149 370 1211 403 La-

78 432 198 464 enium
223 431 257 463 in
272 431 424 468 Platone,
450 438 483 461 et
499 428 728 472 Xenophane:
751 440 789 460 ac
807 428 951 472 proinde
970 428 1091 462 animis
1108 431 1212 464 finem

79 505 175 525 suum
194 493 325 537 adeptis
340 490 545 536 sphaericam
571 490 715 522 formam
740 489 888 522 tribuere
915 491 1107 531 cogebatur.
1145 492 1213 525 Sed

76 553 302 600 Hieronymus
329 553 423 597 epist.
447 552 500 588 59.
526 552 567 584 nd
594 551 680 584 Avit.
708 551 779 597 cap'.
805 551 835 586 3.
860 552 962 584 verba
981 551 1136 594 Origenis
1158 566 1211 587 re-

73 615 151 647 citat
177 628 194 647 e
219 615 306 647 libro
330 615 362 649 3.
387 618 469 659 περὶ
496 613 619 659 ἀρχῶν
652 626 724 658 cap.
751 612 782 647 6.
808 626 900 645 num.
926 613 975 652 1.,
1004 613 1126 658 quibus
1151 616 1211 648 ho-

72 676 178 709 mines
211 677 256 709 ait
289 689 431 721 corpora
472 675 600 708 idcirco
635 675 870 720 deposituros,
906 684 944 706 ut
974 674 1052 707 Deo
1083 675 1210 710 similes

71 737 156 776 sint,
192 738 280 783 juxta
317 737 404 770 illud
435 737 641 771 Servatoris:
684 737 833 780 »»Ut')
866 738 1043 781 quomodo
1077 750 1138 780 ego
1178 749 1211 772 et

71 807 106 831 tu
134 812 234 832 unum
259 812 391 839 sumus,
430 799 477 831 sic
509 808 541 831 et
575 798 628 831 isti
653 799 687 831 in
713 799 809 831 nobis
835 811 939 830 unum
963 798 1038 831 sint.
1049 815 1089 830 «κ
1140 801 1209 833 De·

69 873 162 893 mum
186 861 233 893 sic
257 861 320 894 ait:
348 860 404 892 »E
430 861 562 893 duobus
595 861 737 893 alterum
774 860 944 904 suscipere
969 860 1137 905 cogimur,
1172 873 1209 895 ut

69 932 126 955 aut
150 923 366 968 desperemus
389 921 647 955 similitudinem
671 922 757 961 Dei,
790 922 816 954 si
851 922 967 954 eadem
993 935 1128 967 semper
1150 937 1206 957 su-

69 996 143 1016 mus
176 997 318 1029 corpora
355 984 518 1026 habituri;
552 994 608 1017 aut
649 984 674 1016 si
715 984 891 1016 beatitudo
925 983 1024 1016 nobis
1056 982 1206 1029 ejusdem

70 1057 146 1076 cum
175 1045 248 1077 Deo
274 1045 359 1078 vitae
385 1045 614 1090 promittitur,
651 1047 787 1084 eadem,
813 1058 876 1090 qua
902 1043 984 1076 vivit
1012 1045 1122 1086 Deus,
1147 1061 1207 1080 no-

69 1106 118 1138 bis
143 1106 340 1139 conditione
374 1107 554 1139 vivendum
583 1117 667 1140 est«
718 1108 807 1140 Tum
840 1107 1085 1152 Hieronymus:
1129 1109 1205 1141 »Ex

70 1168 191 1212 quibus
218 1169 373 1201 omnibus
398 1170 624 1213 approbatur,
665 1168 746 1213 quid
781 1169 822 1200 ‹le
854 1169 1101 1201 resurrectione
1133 1183 1207 1202 sen—

69 1230 158 1262 tiam
207 1230 320 1262 Deum
346 1230 446 1274 plane
470 1230 725 1274 incorporeum,
749 1239 787 1262 ut
813 1238 878 1269 est,
903 1228 947 1261 ita
973 1242 1042 1262 esse
1067 1233 1207 1275 putabat

70 1291 250 1333 Origenes,
286 1304 323 1324 ac
354 1291 433 1324 ideo
459 1292 551 1324 omni
576 1291 680 1333 figura
706 1304 835 1323 carere:
868 1294 926 1335 qui
958 1303 1036 1333 ergo
1067 1293 1208 1334 globosa

69 1365 213 1397 corpora
238 1352 407 1385 habituras
431 1353 556 1385 animas
579 1353 645 1385 reri
669 1353 800 1396 potuit,
824 1365 905 1396 quas
928 1351 1054 1385 similes
1079 1355 1207 1389 futuras

66 1415 207 1459 putabat
229 1415 318 1453 Deo,
343 1426 443 1458 quem
469 1426 613 1458 corpore
638 1427 675 1446 ac
699 1414 802 1454 figura
829 1425 940 1445 carere
962 1415 1208 1451 arbitrabatur?

66 1477 183 1521 Itaque
215 1475 290 1508 libr.
316 1476 361 1508 II.
400 1476 441 1508 de
479 1474 630 1519 Princip.
670 1488 739 1520 cap.
768 1474 821 1509 10.
861 1487 952 1508 num.
976 1475 1007 1510 2.
1039 1479 1204 1522 quosdam

66 1537 264 1582 impugnans
288 1536 505 1577 Haeremus,
530 1536 587 1582 qui
612 1537 894 1570 resurrectionem
927 1536 1078 1570 funditus
1103 1539 1206 1573 tolle-

65 1599 164 1632 bant:
192 1599 474 1644 »Requiremus,«
500 1598 621 1644 inquit,
648 1600 710 1632 »ab
734 1599 785 1639 iis,
809 1599 838 1631 si
861 1607 1003 1643 possunt
1014 1599 1114 1632 nobis
1136 1600 1206 1645 spi-

65 1660 194 1694 ritualis
226 1660 381 1705 corporis
412 1660 564 1693 habitum
599 1662 830 1695 demonstrare
862 1669 978 1705 atque·
995 1660 1204 1695 describere:

67 1838 159 1860 num.
182 1826 250 1868 30.,
273 1828 333 1861 ubi
357 1827 422 1861 ait:
455 1827 550 1873 Ἐγώ
576 1825 717 1872 &oium
741 1827 801 1861 διὰ
828 1826 965 1862 τούτων
988 1829 1203 1872 δηλοῦσθαι,

67 1881 121 1917 ὅτι
146 1881 188 1918 οὐ
211 1881 331 1928 μόνον
353 1875 445 1919 {cau}
469 1883 508 1919 τὸ
532 1884 581 1929 μή
609 1887 754 1929 γαμεῖν,
778 1885 840 1917 καὶ
864 1882 903 1918 τὸ
920 1882 972 1927 μὴ
986 1888 1202 1930 γαμεῖσθαι,

67 1937 114 1978 ὠς
139 1941 173 1973 οἱ
197 1939 236 1973 ἐν
260 1943 308 1984 τῷ
335 1940 478 1986 οὐρανῷ
512 1937 663 1986 ἄγγελοι
696 1943 863 1984 γίνονται
896 1941 930 1975 οἱ
960 1939 1202 1985 καταξιούμε-

67 2007 124 2030 νοι
148 1997 211 2037 τῆς
233 1995 272 2030 ἐκ
298 1998 435 2040 νεκρῶν
460 1994 709 2034 ἀναστάσεως·
747 1994 836 2029 ἀλλὰ
869 1998 928 2030 καὶ
954 1995 1042 2030 κατὰ
1069 1995 1107 2031 τὸ
1131 2011 1203 2042 με-

66 2049 402 2096 πισχημαιιζόμενα
443 2052 563 2086 αὐτῶν
598 2050 641 2086 τὰ
680 2051 829 2096 σώματα
862 2054 921 2095 τῆς
955 2051 1202 2094 ταπεινώσεως

65 2111 235 2152 γίνεσθαι
259 2110 419 2148 τοιαῦτα,
444 2106 555 2142 ὁποῖά
581 2107 650 2141 ἔστι
678 2108 720 2142 ‘t'c'c
749 2110 822 2142 τῶν
847 2107 1014 2153 ἀγγέλων
1037 2109 1200 2155 σώματα,

67 2167 224 2209 αἰθέρια,
250 2167 310 2197 καὶ
335 2163 521 2208 αὐγοειδὲς
545 2166 640 2209 quic·
671 2163 823 2209 sequitur
854 2176 999 2209 corpora
1023 2165 1201 2200 hominum

64 2229 143 2263 post
166 2219 446 2253 resurrectionem
472 2219 643 2264 sphaerica
667 2221 742 2253 fore
765 2221 913 2254 sensisse.

161 2276 190 2319 ¹)
218 2275 285 2309 Cfr.
312 2289 360 2311 cv.
385 2278 508 2310 Joann.
531 2277 641 2314 XVll,
666 2277 720 2310 21.

69 2333 246 2370 (jammis
274 2338 399 2371 Opeux
439 2339 534 2370 Tou.
562 2339 692 2369 ΧΧΙΗ.
966 2340 1005 2371 Ἡ)
