1403 2492
149 59 217 96 312
490 65 603 100 Pssrm
626 66 800 101 Dmms
825 67 956 102 Hom-11

156 159 189 183 et
219 151 418 198 Didymum,
451 155 513 188 hac
543 158 784 201 responsione,
816 172 900 204 quae
927 172 964 192 ex
991 158 1158 191 librorum
1183 157 1288 202 ipsius

156 215 436 258 constupratione
473 219 616 262 petitur,
654 220 793 253 minime
828 234 907 254 usos
938 221 1052 253 fuisse.
1115 220 1205 253 Tum
1229 220 1291 252 ait:

160 275 283 308 »Solus
308 277 464 312 inventus
491 290 539 313 est
566 281 750 323 Origenes,
784 282 880 328 cujus
904 283 1027 327 scripta
1053 283 1084 314 in
1109 291 1184 314 toto
1211 282 1292 314 orbe

157 337 390 373 falsarentum(
441 342 536 375 Itane
563 344 668 376 vero?
707 345 828 376 Annon
858 344 1168 386 Evangelistarum‚
1199 345 1294 387 Apo-

158 400 396 446 stolorumque
420 404 544 449 scripta
569 406 738 440 adulteras
759 406 1018 439 naereticorum
1043 419 1160 438 manus
1183 417 1294 438 sense-

158 462 264 495 runt?
286 463 411 498 Parum
436 480 571 512 quoque
599 469 697 507 valet,
723 469 815 513 quod
840 469 1068 501 subnectitur:
1096 469 1192 511 »lpse
1217 465 1296 501 Ori-

158 536 258 565 genes
283 525 318 559 in
343 540 395 572 ep.
419 542 518 573 quam
535 530 649 562 scribit
670 531 711 562 ad
726 530 924 570 Fabianum,
949 529 1192 575 poenitentiam
1217 527 1296 569 agit,

159 598 220 618 cur
242 587 320 621 talia
344 590 537 635 scripserit3
564 602 596 625 et
622 605 770 625 caussam
796 592 993 625 temeritatis
1017 592 1050 624 in
1075 589 1296 624 Ambrosium

159 647 281 690 refert,
319 653 411 695 quod
436 664 567 687 secreto
594 654 685 686 edita
709 655 743 686 in
769 655 944 699 publicum
970 653 1182 699 protule1·it.«
1211 653 1295 685 Nam

157 721 221 742 nec
245 711 432 759 haereticus
457 716 516 748 ille
541 726 609 756 est,
633 730 696 749 nec
727 717 899 749 habendus
931 725 998 760 est,
1030 728 1134 760 quem
1168 724 1296 747 temere

151 771 332 807 ‘dictorum
358 778 539 820 poenituit.
588 779 693 812 Aliud
725 789 898 823 praeterea
929 778 979 810 his
1009 777 1120 810 verbis
1150 775 1296 819 suggerit

159 833 257 866 nobis
282 837 488 873 defendendi
513 841 670 883 Origenis
694 852 926 884 argumentum
943 841 1196 884 Hieronymu53
1219 850 1297 883 per-

158 907 275 938 peram
299 899 432 934 scilicet
455 903 496 934 ab
523 904 704 935 Ambrosio
733 893 884 945 vulgatos
902 903 1004 936 fuisse
1028 901 1186 940 Codices,
1211 912 1296 944 quos

160 959 409 995 exercitationis
434 965 538 1006 gratia
561 975 692 998 secreto
719 965 883 1007 Origenes
909 965 1176 997 elucubraverat.
1206 962 1296 994 Hinc

161 1018 308 1065 denique
339 1026 510 1059 refellitur
543 1027 628 1059 illud
663 1028 803 1059 Bai-onii
843 1028 884 1059 ad
917 1040 992 1059 anu.
1027 1025 1106 1060 232.
1137 1037 1209 1068 cap.
1246 1024 1295 1058 10-

163 1086 229 1114 »At
261 1083 296 1116 in
327 1099 369 1118 eo
403 1098 495 1121 certe
525 1089 635 1121 minus
667 1081 881 1121 excusatione
913 1089 1031 1129 dignus
1056 1099 1127 1119 esse
1152 1086 1297 1123 videtur,

162 1146 257 1189 quod
282 1159 359 1179 cum
389 1149 492 1182 sciret
524 1164 583 1183 sua
607 1153 648 1183 ab
674 1151 830 1184 omnibus
855 1149 1063 1195 impugnari,
1099 1157 1299 1181 retractato-

161 1205 252 1240 rium
283 1211 416 1243 nullum
450 1212 596 1253 ediderit
629 1213 941 1255 Commentarium3
981 1225 1058 1245 cum
1089 1211 1155 1256 ipsi
1185 1219 1298 1243 tamen

161 1271 239 1302 satis
264 1268 327 1305 otii
353 1283 386 1306 et
409 1276 575 1319 temporis
598 1276 824 1320 superfuerit,
859 1285 897 1308 ut
927 1275 969 1307 ad
1000 1285 1120 1306 omnes
1145 1272 1299 1306 Catholi-

162 1345 220 1365 cae
244 1334 325 1367 fidei
347 1349 508 1370 numeros
534 1348 665 1377 cuncta,
693 1351 778 1383 quae
801 1351 819 1370 a
842 1351 877 1370 se
893 1337 1018 1381 scripta
1036 1345 1157 1375 essent,
1179 1345 1299 1368 attem-

161 1406 327 1437 peraret,«
377 1399 463 1431 Nam
497 1410 530 1432 et
562 1414 626 1445 pro
661 1400 916 1433 »retractatorio
949 1397 1215 1431 commentario«
1244 1398 1299 1429 ha-

161 1456 234 1488 beri
259 1469 373 1502 potest
405 1460 465 1494 illa
496 1463 537 1494 ad
562 1463 750 1495 Fabianum
783 1462 944 1506 epistola,
983 1470 1016 1493 et
1047 1460 1131 1493 alios
1162 1459 1300 1504 insuper

160 1518 303 1553 fortasse
326 1522 473 1567 scripsit,
498 1533 662 1556 vetustate
689 1524 811 1556 deinde
837 1532 1043 1556 consumtus.
1138 1520 1141 1522 ³

251 1581 311 1616 ΧΙ.
361 1583 459 1627 Quae
484 1586 526 1618 ad
551 1586 747 1627 frangendas
769 1584 924 1627 Origenis
948 1593 1223 1628 oppugnatorum
1247 1595 1300 1615 ac·

163 1644 370 1687 cusationes,
402 1660 549 1692 eumque
579 1649 737 1680 adversus
763 1648 946 1680 calumnias
970 1646 1154 1684 tuendum,
1181 1654 1214 1677 et
1236 1644 1299 1676 im—

163 1718 302 1740 munem
334 1710 436 1754 culpa
466 1711 705 1755 praestandum
732 1709 842 1742 valere
868 1717 1044 1754 poterant,
1081 1706 1297 1748 collegimus:

162 1782 253 1802 nunc
278 1771 361 1815 quid
385 1773 428 1805 ad
453 1786 530 1805 eum
556 1773 792 1811 excusandum,
818 1780 852 1804 et
875 1771 916 1803 ad
931 1769 1181 1803 conciliandum
1207 1768 1298 1808 huic,

164 1831 263 1864 etiam
291 1834 426 1874 erranti,
450 1835 626 1867 hominum
651 1835 804 1867 savorem
829 1834 993 1872 conferat,
1016 1831 1202 1864 videamus.
1225 1830 1300 1863 Uti-

164 1893 329 1929 lissimum
357 1906 406 1930 est
431 1897 604 1942 inprimis,
639 1897 732 1941 quod
756 1896 883 1929 nullam
908 1895 942 1948 in
967 1893 1201 1939 proponendis
1225 1892 1301 1937 opi-

163 1955 322 1991 nionihus
347 1960 588 2004 pervicaciam,
612 1960 740 1992 nullam
765 1959 799 1991 in
824 1956 1046 1990 defendendis
1069 1953 1301 2000 pertinaciam,

166 2033 252 2064 quae
275 2022 456 2066 praecipua
482 2024 659 2055 haereseos
682 2031 764 2054 nota
788 2030 857 2060 est,
882 2033 963 2064 prae
987 2031 1022 2051 se
1048 2018 1130 2057 fert,
1153 2017 1214 2050 sed
1239 2016 1301 2048 ssu-

165 2091 280 2115 ctuans
304 2097 439 2129 semper
463 2094 497 2117 et
523 2084 670 2117 incertus
694 2083 838 2125 cogitata
862 2095 920 2114 sua
944 2081 1076 2125 profert
1087 2079 1120 2112 in
1137 2078 1300 2117 medium,

166 2144 299 2177 solenni
324 2147 385 2178 hac
411 2146 533 2178 vocula
556 2144 710 2190 μήποτε,
737 2142 1026 2189 quaehaesitantis
1046 2151 1107 2181 est,
1131 2141 1297 2173 lectorum

166 2207 297 2240 animos
323 2221 513 2253 occupans,
544 2217 578 2240 et
604 2207 849 2252 disputationes
874 2219 948 2238 suas
973 2203 1127 2244 ordiens,
1151 2203 1299 2236 easdem-

165 2283 231 2315 que
265 2279 425 2304 consueta
460 2270 687 2303 obtestatione
719 2268 946 2308 concludens,
971 2280 1037 2312 qua
1059 2266 1234 2299 universos
1257 2264 1297 2295 ad

299 2408 312 2416 ο
