1403 2492
408 114 723 149 Omasssmnonum
747 113 863 146 Lumn
889 113 929 146 Η.
1187 115 1231 150 59

92 207 190 253 cipua
214 204 395 239 auctoritas
424 213 483 238 est.
544 203 602 237 Sic
631 202 691 236 ilie
723 203 812 236 libro
845 202 886 235 de
917 202 1039 248 spiritu
1064 212 1098 236 et
1121 203 1230 245 litera,

95 281 166 313 cap.
189 267 245 303 27.
284 267 347 301 »Si
380 275 490 300 autem
522 265 574 306 hi,
611 265 668 311 qui
701 265 897 298 naturaliter
928 278 1013 310 quae
1044 265 1126 307 legis
1154 276 1231 299 sunt

93 330 240 370 faciunt,
276 329 427 362 nondum
461 336 537 361 sunt
568 327 714 360 habendi
747 327 780 359 in
804 339 949 359 numero
974 339 1112 368 eorum,
1146 341 1232 372 quos

96 391 220 426 Christi
251 390 409 437 justificat
441 388 561 432 gratia,
600 389 659 422 sed
695 389 728 422 in
767 402 884 421 eorum
916 388 1050 433 potius,
1085 402 1232 434 quorum

97 453 198 487 etiam
230 451 434 498 impiorum,
470 464 532 484 nec
564 451 679 483 Deum
708 464 826 483 verum
857 450 1038 491 veraciter,
1077 450 1231 497 justeque

98 514 296 554 colentium,
319 513 483 558 quaedam
502 521 614 545 tamen
631 513 718 546 facta
739 513 794 545 vel
807 512 960 555 legimus,
985 513 1039 545 vel
1063 513 1233 553 novimus,

99 577 154 609 vel
177 576 348 615 audimus,
372 587 456 620 quae
480 575 663 608 secundum
685 574 830 620 justitiae
854 575 1005 617 regulam
1028 587 1099 607 non
1122 575 1235 608 solum

100 638 290 683 vituperare
320 649 389 669 non
419 649 616 680 possumus,
648 649 767 668 verum
798 637 898 669 etiam
926 636 1051 669 merito
1075 646 1236 682 recteque

102 699 292 732 laudamus:
324 710 514 744 quanquam
545 698 573 731 si
604 698 822 738 discutiatur,
855 711 922 743 quo
953 698 1021 732 fine
1044 699 1146 739 fiant,
1182 700 1235 732 vix

103 760 328 800 inveniuntur,
353 772 438 805 quae
461 759 606 804 justitiae
633 759 783 792 debitam
810 759 944 792 laudem
961 760 1237 794 defensionemve

102 830 303 855 mereantur.
315 834 331 849 «
389 821 507 866 Capite
540 821 662 854 deinde
695 821 848 867 sequenti
877 822 995 855 scribit
1024 835 1094 855 non
1129 836 1237 868 usque

104 884 189 916 adeo
213 893 427 916 terrenorum
460 885 646 917 affectuum
671 885 782 917 lahem
807 884 936 917 animae
959 884 1123 917 humanae
1144 885 1239 917 incu-

103 945 232 985 buisse,
262 946 307 978 ut'
329 959 399 978 nou
429 944 591 990 impressa
622 947 790 990 supersint
821 946 974 988 imaginis
997 946 1066 979 Dei
1090 946 1240 988 vestigia,

104 1007 195 1039 unde
225 1017 405 1052 praecepta
437 1008 548 1053 aliqua
573 1007 654 1050 legis
685 1008 719 1040 in
753 1008 824 1052 ipsa
857 1009 957 1041 etiam
987 1007 1162 1053 impietate
1186 1021 1240 1041 ex-

104 1068 201 1113 sequi
223 1069 278 1100 vel
302 1081 419 1113 sapere
443 1069 566 1102 merito
591 1070 656 1102 dici
681 1069 798 1114 possit.
856 1070 960 1103 Addit
989 1080 1108 1115 postea
1132 1071 1241 1112 Iegem

105 1129 174 1162 Dei
197 1143 264 1163 non
289 1131 422 1175 penitus
447 1144 509 1175 per
528 1140 704 1174 peccatum
731 1144 747 1164 e
773 1132 932 1164 cordibus
956 1131 1078 1163 nostris
1104 1143 1242 1171 erasnm,

107 1192 263 1224 renovari
300 1205 363 1236 per
399 1191 549 1234 gratiam.
607 1192 651 1224 Et
682 1194 921 1238 postmodum:
960 1193 1074 1225 »Nam
1111 1202 1144 1225 et
1177 1192 1244 1237 ipsi

109 1253 261 1298 (Judaei)
286 1253 439 1286 homines
464 1263 569 1297 eraut,
600 1263 634 1286 et
657 1254 705 1287 vis
729 1255 789 1288 illa
811 1264 948 1288 naturae
971 1255 1080 1287 inerat
1102 1254 1154 1291 iis,
1180 1267 1245 1299 qua

110 1315 298 1357 legitimum
333 1314 462 1360 aliquid
497 1315 607 1347 anima
641 1316 815 1349 rationalis
851 1326 884 1349 et
920 1317 1022 1349 sentit
1059 1325 1092 1349 et
1123 1316 1241 1349 facin«

111 1377 201 1410 Tum
224 1378 328 1422 paulo
353 1386 432 1422 post
455 1377 511 1417 ait,
534 1390 654 1421 parum
677 1379 897 1421 profuturum
920 1377 954 1410 in
979 1377 1033 1410 die
1056 1377 1178 1423 judicii
1193 1377 1244 1411 his

110 1448 247 1472 naturae
263 1439 392 1481 legibus
410 1439 570 1483 paruisse,
598 1438 662 1471 nisi
678 1439 767 1472 forte
791 1440 833 1472 ad
856 1439 1038 1481 mitiganda
1062 1439 1247 1484 supplicia:

115 1516 131 1531 »
142 1500 238 1534 Sicut
270 1500 359 1533 enim
390 1513 460 1532 non
492 1500 684 1545 impediunt
707 1513 725 1533 a
748 1501 815 1533 vita
839 1510 974 1533 aeterna
998 1500 1123 1547 justum
1148 1513 1249 1546 quae-

113 1563 190 1595 dam
213 1572 351 1607 peccata
374 1561 535 1602 venialia,
564 1562 634 1595 sine
660 1563 781 1607 quibus
804 1563 887 1595 haec
909 1562 978 1595 vita
1001 1576 1070 1595 non
1095 1563 1249 1595 ducitur:

113 1624 160 1657 sic
183 1625 226 1657 ad
250 1624 391 1657 salutem
417 1633 585 1657 aeternam
610 1624 695 1657 nihil
727 1634 871 1669 prosunt
894 1624 1002 1669 impio
1026 1625 1138 1670 aliqua
1162 1626 1251 1657 bona

116 1698 238 1730 opera,
266 1686 336 1718 sine
361 1686 482 1730 quibus
506 1686 710 1718 difficillime
733 1687 801 1720 vita
825 1686 1006 1733 cujuslibet
1028 1686 1167 1731 pessimi
1189 1686 1251 1718 ho-

115 1747 216 1781 minis
239 1747 448 1780 invenitur-,a
503 1748 547 1780 Et
571 1748 713 1780 iterum:
746 1748 870 1792 »Quid
896 1761 974 1790 ergo
1000 1748 1078 1780 hinc
1101 1749 1252 1791 Aposto-

119 1808 170 1842 lus
194 1809 329 1842 efficere
355 1808 482 1849 voluit,
518 1810 610 1853 quod
635 1809 826 1854 jactantiam
851 1810 1011 1843 cohibens
1035 1809 1252 1848 Iudaeorum,

125 1883 201 1903 eum
232 1871 384 1904 dixisset:
425 1871 551 1903 »nb'on
573 1871 603 1915 ¹)
635 1871 807 1904 auditores
839 1872 922 1914 legis
955 1871 1032 1916 justi
1061 1859 1139 1903 sunt
1162 1870 1253 1914 apud

123 1931 248 1972 Deum,
269 1933 330 1965 sed
354 1934 497 1965 factores
522 1933 603 1975 legis
629 1933 965 1979 justificabunturm«
995 1932 1157 1965 continuo
1176 1932 1254 1964 sub-

124 1992 204 2039 jecit
233 1994 275 2026 de
307 1994 374 2035 his,
412 1995 470 2039 qui
501 1996 609 2037 legem
641 2008 709 2028 non
734 1996 910 2035 habentes,
947 1994 1146 2027 naturaliter
1170 2006 1254 2038 quae

124 2054 206 2096 legis
229 2063 307 2087 sunt
329 2055 474 2096 faciunt,
502 2056 532 2089 si
554 2070 624 2090 non
655 2057 709 2089 illi
733 2068 810 2090 sunt
832 2055 1063 2098 intelligendi,
1099 2054 1156 2100 qui
1179 2068 1256 2099 per-

126 2117 233 2148 tinent
266 2117 307 2148 ad
338 2117 474 2156 gratiam
505 2119 718 2159 mediatoris,
755 2120 813 2152 sed
845 2119 895 2152 iili
926 2119 1058 2164 potius,
1096 2116 1154 2162 qui
1180 2130 1256 2149 cum

127 2177 241 2210 Deum
266 2192 386 2211 verum
405 2192 483 2212 vera
504 2181 628 2226 pictate
648 2195 717 2215 non
739 2181 862 2224 coiant‚
887 2182 1009 2215 habent
1025 2190 1138 2213 tamen
1158 2191 1257 2223 quae-

223 2302 254 2347 ¹)
280 2303 379 2336 Rom.
406 2303 449 2343 11,
475 2303 526 2339 13.
