1403 2492
179 63 246 100 294
515 70 628 103 Pnrm
653 70 827 103 Dmuzus
852 69 983 102 num·

182 167 427 191 sacramentum
459 160 684 201 matrimonii,
727 160 815 193 circa
854 160 947 205 quod
978 172 996 192 a
1029 157 1318 191 communioribus

184 218 346 251 ecclesiae
371 221 537 263 dogmatis
562 223 727 265 Origenes
753 222 786 255 in
806 222 1008 268 quibusdam
1031 220 1151 253 abiisse
1176 219 1319 252 videtur.

184 278 339 313 Primum
370 281 474 316 Hom.
497 284 558 317 XI.
599 284 632 317 in
663 285 791 317 Jerem.
822 297 914 317 num.
940 284 990 325 5.,
1031 295 1250 328 quaecunque
1283 295 1321 314 ex

189 341 281 374 coitu
307 352 339 375 et
364 343 539 390 voluptate
565 346 837 390 proficiscuntur,
862 345 1063 390 purgatione
1089 344 1238 386 indigere
1263 343 1324 375 nit:

189 412 222 435 et
247 404 347 438 Tom.
373 406 483 439 XVH.
509 407 542 440 in
569 408 688 441 Matth.
714 421 806 441 num.
831 407 886 442 35.
921 407 1179 452 quodammodo
1211 405 1328 450 pollu-

189 474 242 498 tos
268 479 338 500 esse
363 468 447 508 vult,
473 469 664 514 quicunque
690 469 840 502 venereis
861 478 1085 511 utuntur331e
1111 481 1164 501 eas
1189 467 1325 512 quidem

191 527 382 572 voluptates
408 531 592 576 excipiens,
625 544 766 577 quarum
798 530 1053 563 matrimonium
1086 529 1257 563 licentiam
1281 529 1329 562 sa-

192 589 247 622 cit.
294 591 430 625 Deinde
456 593 544 625 libro
571 594 616 631 11,
642 593 676 626 in
703 593 799 639 epist.
824 593 866 626 ad
891 593 992 625 Rom.
1025 605 1117 626 num.
1143 591 1195 627 13.
1228 590 1329 623 incir-

192 652 378 686 cumcisum
404 656 572 699 appellat,
608 655 665 700 qui
698 655 864 688 concessis
896 652 1105 686 matrimonii
1135 652 1208 699 jure
1234 651 1330 685 volu-

192 715 340 757 ptatibus
365 716 646 762 intemperantius
670 717 838 759 abutitur3
862 716 1098 750 circumcisum
1124 726 1225 755 vero,
1255 713 1282 746 si
1299 714 1330 756 Ι)

196 775 290 820 »quis
316 777 349 809 in
375 777 610 824 hujuscemodi
634 779 773 821 negotio
793 778 961 821 legitimis,
986 789 1019 811 et
1035 786 1199 823 quantum
1216 784 1332 820 postc-

194 837 284 871 ritati
308 839 433 873 sufficit
456 850 570 874 utatur
593 841 747 874 officiis.«
797 841 835 874 In
867 854 936 886 quo
966 849 1205 885 praeterquam
1231 850 1333 882 quae-

195 900 318 932 rendae
332 901 364 946 ²)
390 903 519 936 sobolis
543 902 664 946 gratia,
701 914 917 946 congressum
953 915 1088 935 omnem
1120 900 1332 946 conjugalem

197 960 332 994 videtur
355 976 531 1008 respuere,
557 964 659 997 etiam
685 965 801 1006 illum,
833 965 890 1010 qui
922 974 960 997 ut
983 964 1137 997 debitum
1161 962 1333 1001 reddatur,

198 1024 251 1055 vel
277 1024 430 1058 vitandae
455 1027 649 1060 tentationis
670 1040 781 1059 caussa
798 1035 1023 1071 perpetratur.
1065 1026 1133 1059 Sed
1151 1025 1231 1057 haec
1249 1037 1334 1069 quo-

199 1098 264 1129 que
289 1085 323 1118 in
355 1100 439 1120 voce
473 1088 671 1131 »legitimis«
704 1087 870 1120 contineri
901 1100 1082 1132 possumus
1111 1087 1337 1131 respondere3

200 1147 252 1179 vel
280 1147 516 1182 circumcisum
542 1150 681 1195 quidem
707 1163 784 1182 eum
809 1161 898 1189 csse,
930 1149 988 1194 qui
1011 1148 1241 1194 procreandae.
1265 1157 1338 1180 tan-

200 1217 272 1241 tum
298 1210 340 1242 ad
365 1211 495 1243 cultum
520 1211 587 1243 Dei
617 1211 726 1256 prolis
758 1224 871 1244 caussa
903 1220 1017 1244 actum
1048 1210 1259 1257 conjugalem
1285 1222 1340 1242 ex-

202 1280 311 1313 ercet;
332 1282 384 1305 ‘at
413 1286 482 1306 non
509 1270 802 1313 incircumcisum,
834 1273 892 1318 qui
923 1273 1009 1306 alios
1043 1280 1218 1317 praeterea
1256 1271 1339 1303 {ines

203 1343 342 1378 spectat,
367 1335 427 1367 sed
452 1335 508 1380 qui
523 1335 791 1380 intemperanter
803 1348 838 1368 se
863 1335 957 1377 gerit.
996 1335 1224 1380 Hieronymus
1250 1342 1339 1366 certe

205 1395 262 1428 lib.
289 1396 334 1429 Il.
360 1396 393 1429 in
419 1397 519 1442 epist.
546 1398 587 1430 ad
613 1397 736 1443 Ephes.
762 1410 834 1442 cap.
861 1398 892 1431 5.
916 1396 1067 1441 reliquos
1100 1409 1217 1428 omnes
1250 1394 1342 1427 vide-

205 1466 260 1490 tur
284 1458 478 1502 improbare
510 1460 610 1499 fines,
642 1473 748 1491 unum
772 1459 860 1491 hunc
885 1458 1082 1498 admittere,
1110 1470 1178 1502 quo
1203 1457 1341 1490 soboles

207 1521 434 1564 comparanda
458 1521 674 1565 proponitur.
725 1521 793 1561 »Si,
817 1520 938 1565 inquit,
962 1519 1006 1552 ita
1031 1532 1117 1551 uxor
1134 1517 1341 1563 subjicienda

206 1581 281 1614 viro
308 1591 366 1622 est,
390 1592 429 1614 ut
454 1582 588 1615 Christo
615 1582 772 1622 ecclesia,
805 1582 892 1615 inter
922 1581 1031 1613 virum
1057 1589 1092 1612 et
1115 1593 1254 1614 uxorem
1281 1581 1343 1614 erit

208 1653 319 1677 sancta
345 1643 554 1690 conjunctio,
579 1653 612 1677 et
634 1657 808 1689 nunquam
832 1643 985 1688 corporis
1010 1642 1157 1676 servient
1179 1642 1345 1686 passioni-

209 1707 280 1739 bus.
293 1719 310 1734 «
361 1705 547 1739 Corinthiis
571 1719 671 1747 vero,
702 1716 740 1738 ut
769 1705 928 1746 infirmis,
956 1705 1102 1738 necdum
1133 1704 1243 1738 solida
1272 1705 1346 1749 pie-

210 1778 278 1801 tate
302 1768 491 1808 roboratis,
522 1778 674 1810 mutuam
704 1757 811 1801 debiti
841 1767 1049 1800 solutionem
1072 1779 1136 1812 per
1159 1766 1345 1812 συγκατά-

211 1837 320 1875 βασιν
344 1839 377 1862 et
400 1830 644 1872 indulgentiam
668 1830 813 1863 Paulum
836 1829 1036 1862 concessisse
1061 1829 1161 1870 dicit;
1186 1839 1220 1861 at
1235 1830 1348 1874 Ephe-

212 1892 290 1932 siis,
313 1901 434 1937 utpote
467 1891 501 1924 in
533 1892 658 1926 Christi
690 1892 843 1925 doctrina
867 1890 1142 1935 provectioribus
1166 1891 1349 1931 ademisse;

214 1955 397 2000 unicuique
427 1964 539 1987 tamen
572 1955 626 1986 vel
656 1954 839 1998 Ephesios,
877 1954 930 1985 vel
964 1953 1158 1986 Corinthios
1189 1953 1351 1986 aemulari

217 2018 265 2049 sas
291 2030 371 2049 esse.
420 2016 465 2048 Et
494 2016 597 2060 paulo
623 2026 716 2060 post:
752 2016 973 2049 »Liberorum
999 2028 1098 2057 ergo,
1128 2024 1165 2047 ut
1194 2015 1350 2053 diximus,

217 2078 250 2110 in
275 2077 492 2110 matrimonio
526 2091 630 2122 opera
661 2091 818 2111 concessa
847 2087 933 2111 sunt.
988 2077 1191 2122 Voluptates
1227 2086 1351 2115 nutem,

317 2208 345 2250 ¹)
372 2207 460 2238 Edd.
488 2206 619 2238 lluetii:
646 2207 671 2238 si
699 2207 763 2252 qui.

315 2265 349 2308 2>
375 2263 437 2296 lid.
465 2263 568 2296 fluat-i
595 2275 790 2308 perperam:
816 2264 1016 2309 qucrcndae.
