1403 2492
180 92 248 126 270
511 90 623 123 Prsrm
650 90 822 122 Dfflssus
848 88 977 121 Hui-:Tu

177 190 342 213 attentare
366 180 503 220 audeat,
534 180 680 212 historiis
707 178 928 211 Etbnicorum
960 177 1160 222 quibusdam
1191 179 1315 210 abster-

178 253 319 275 rentem.

265 305 308 339 V.
354 303 462 348 His1)
500 303 738 336 animadversis
773 302 880 335 facilis
917 313 966 335 est
1006 303 1071 347 jam
1110 302 1317 348 dijudicatio,

180 379 329 412 aequane
355 378 492 398 censura
519 365 702 407 Origenem
728 363 897 396 vexaverit
921 364 1114 397 Eustatltius
1136 364 1318 397 Antioche-

179 442 252 469 nus,
277 429 335 473 qui
359 426 520 460 acerrime
546 440 624 471 prae
650 426 787 470 reliquis
813 425 915 469 ipsius
940 426 1116 468 allegorias
1141 426 1318 459 insectatus

180 501 230 523 est
268 490 303 522 in
340 489 562 531 Diaguostico
600 490 641 521 de
683 487 963 533 Engastrimytlno.
1013 490 1063 524 Ac
1101 488 1248 532 primum
1284 488 1318 520 id

179 552 341 597 queritur,
367 564 444 584 eum
470 561 578 584 cetera
603 550 772 592 allegoriis
797 549 925 593 alioqui
950 559 1143 594 pervertere
1167 550 1318 589 solitum,

179 615 273 646 Deos
297 613 386 652 illos,
413 625 497 656 quos
523 612 564 644 de
590 621 677 644 terra
702 611 942 644 adscendentes
960 611 1074 644 videre
1097 624 1132 644 se
1149 611 1244 644 Sauli
1268 612 1319 644 di-

180 677 277 708 cebat
300 674 500 719 Pytlionissa
526 675 541 706 I
567 674 657 707 Sam.
682 673 853 713 XXVIll,
883 672 954 713 13.,
985 673 1027 705 ad
1059 672 1190 707 literam
1215 687 1319 718 expo-

177 737 292 771 suisse.
337 737 500 770 Profecto
526 737 567 769 de
601 736 659 768 illa
683 735 849 768 Samuelis
881 734 1080 768 evocatione
1109 736 1202 768 idem
1225 736 1320 780 quod

178 798 342 841 Origenes
375 797 515 842 plurimi
545 797 776 838 tradiderunt;
807 806 846 843 ut
876 796 1026 829 dicemus
1059 796 1155 830 iufra.
1206 798 1244 830 In
1276 810 1317 830 eo

177 871 310 901 autem,
341 860 435 904 quod
467 860 621 902 angelum
655 859 757 891 simul
795 871 871 890 cum
902 858 963 890 illo
994 859 1205 892 adscendisse
1228 869 1318 892 ratus

177 933 238 963 est,
261 922 448 954 multorum
473 934 610 966 quoque
635 921 766 965 juvatur
789 919 973 961 suffragiis,
997 920 1056 964 qui
1080 922 1215 963 angelos
1243 930 1318 965 ψυ-

171 981 395 1030 χοπομποὺς
419 983 592 1015 animabus
619 983 820 1028 adjungunt,
852 982 1139 1026 quemadmodum
1164 983 1317 1028 superius

178 1045 395 1079 ostendimus.
443 1045 579 1077 Nullam
605 1057 684 1085 ergo
709 1044 759 1076 sui
784 1044 943 1087 carpendi
966 1057 1077 1077 ansam
1103 1045 1156 1078 hic
1181 1046 1315 1078 obtulit.

176 1107 366 1140 Difficilius·
399 1105 468 1151 ejus
504 1106 593 1137 foret
626 1105 797 1144 defensio,
836 1105 863 1137 si
895 1105 930 1137 id
956 1105 1152 1150 objecisset,
1183 1107 1275 1151 quod
1298 1120 1316 1138 a

176 1169 292 1201 multis
318 1168 421 1213 objici
445 1168 552 1207 solet,
587 1167 699 1199 omnia
730 1180 807 1198 eum
840 1168 909 1199 sere
941 1166 974 1199 in
1006 1167 1225 1209 allegoricum
1253 1178 1317 1201 tra-

176 1231 260 1263 xisse
284 1243 435 1269 sensum,
460 1239 696 1277 praeterquam
730 1229 816 1261 illud
840 1229 1080 1273 Sospitatoris,
1104 1243 1172 1274 quo
1197 1230 1317 1263 volun-

176 1292 295 1325 tariam
319 1288 370 1324 sui
395 1291 512 1336 ipsius,
537 1290 692 1323 coelestis
724 1291 816 1333 regui
850 1291 1078 1336 consequendi
1103 1305 1232 1331 caussa,
1263 1305 1317 1324 ex-

175 1354 360 1387 sectionem
387 1354 620 1393 commendat,
660 1363 694 1385 et
723 1353 829 1393 illud,
863 1366 930 1398 quo
963 1353 1097 1386 unicam
1121 1354 1316 1387 servandam

175 1416 336 1454 tunicam,
361 1415 549 1458 abjicienda
575 1415 818 1453 calceamenta,
850 1415 883 1446 in
917 1415 1096 1448 crastinum
1120 1415 1316 1460 neutiquam

175 1478 453 1522 prospiciendum
479 1490 548 1508 esse
573 1476 638 1508 ait:
664 1489 748 1519 quae
771 1477 986 1518 allegoricam
1018 1487 1128 1509 tamen
1153 1479 1316 1521 interpre-

175 1539 340 1573 tationem
364 1537 508 1570 maxime
534 1536 684 1568 0mnium
717 1539 941 1581 postulabant.
993 1541 1147 1571 Attamen
1172 1549 1315 1571 temera-

174 1602 242 1634 rius
279 1600 434 1646 juvenilis
466 1599 582 1632 aetatis
617 1600 710 1640 calor
741 1599 949 1632 excusationi
979 1609 1046 1640 est,
1082 1613 1149 1645 quo
1183 1600 1313 1642 vigente

174 1664 252 1697 talia
276 1661 469 1703 attentavit·,
491 1661 549 1693 sed
574 1659 820 1704 prodeuntibus
845 1661 938 1693 annis
961 1671 1106 1694 mutasse
1133 1662 1314 1695 consilium

173 1726 209 1759 id
235 1725 319 1758 mihi
343 1724 532 1769 persuadet,
558 1723 651 1767 quod
674 1731 893 1769 spontaneam
919 1723 1154 1756 castrationem
1178 1725 1315 1757 damua-

174 1788 259 1820 verit
283 1788 383 1820 Tom.
408 1787 483 1819 XV.
511 1785 545 1817 in
571 1784 693 1817 Matth.
718 1796 808 1816 num.
833 1785 884 1825 2.,
919 1795 957 1818 ut
982 1785 1062 1818 alibi
1087 1799 1105 1819 a
1130 1786 1228 1819 nobis
1252 1787 1314 1819 ob-

173 1859 340 1882 servatum
374 1857 432 1882 est.
490 1848 641 1880 Alterum
675 1847 709 1878 id
746 1847 937 1890 expostulat
971 1847 1183 1890 Eustatliius,
1218 1849 1312 1893 quod

173 1911 371 1945 Paradisum
395 1919 600 1948 terrestrem,
626 1918 658 1940 et
682 1908 873 1941 fructiferas
897 1909 1046 1942 Paradisi
1070 1910 1207 1942 arbores
1230 1910 1312 1942 alle-

172 1974 285 2015 gorica
310 1972 518 2017 expositione
543 1970 740 2003 aboleverit.
790 1971 865 2003 Hoc
897 1971 1007 2015 ipsum
1041 1972 1111 2005 sere
1144 1971 1311 2005 criminati

172 2046 259 2075 sunt,
285 2043 453 2081 quotquot
479 2033 675 2075 allegoricas
700 2032 802 2076 ipsius
827 2032 1121 2077 interpretationes
1138 2034 1309 2067 damnasse

267 2190 297 2233 ¹)
323 2190 408 2222 Vide
434 2190 676 2234 praefationem
703 2189 804 2221 'I‘mni
835 2189 872 2220 ll.
899 2190 990 2231 Orig.
1019 2190 1129 2235 ()pp.,
1165 2191 1306 2222 articulo

168 2236 198 2269 8.
225 2235 366 2267 Ruaeus.
396 2256 433 2260 —
463 2236 530 2267 Ct‘r.
560 2235 803 2275 prolegomena
830 2235 1068 2268 'l‘0m.XXlV.
1098 2236 1148 2268 ed.
1174 2246 1305 2268 nostrae

168 2282 320 2325 praelixa.
