1403 2492
386 66 698 101 Omcnmmonnm
722 64 837 97 mex
861 64 906 98 Π.
1137 63 1202 99 117

67 153 259 199 ὑμνοῦμέν
282 168 324 201 γε
355 155 465 201 θεὸν,
504 153 653 191 καὶτὸν
684 155 871 201 μονογενῆ
905 152 1036 198 αὑτοῦ,
1070 151 1117 192 ὠς
1140 155 1203 188 καὶ

67 216 183 260 ἣλιος,
224 220 285 252 καὶ
322 217 471 262 σελήνη,
509 219 571 252 καὶ
602 214 735 262 ἄστρα)
773 219 836 251 καὶ
865 218 968 250 πᾶσα
999 214 1019 258 ἤ
1047 214 1202 262 οὐρανία

67 278 238 324 στρατιά·
266 278 421 324 ὑμνοῦσι
446 277 517 325 γὰρ
539 275 673 317 πάντες
697 271 808 321 οὗτοι,
834 281 935 317 θεῖος
959 274 1058 315 ὄντες
1077 276 1200 322 χορὸς,

64 340 158 387 μετὰ
190 342 260 375 τῶν
294 342 335 376 ἐν
365 338 572 388 ἀνθρώποις
601 340 754 374 δικαίων
785 337 850 374 τὸν
882 339 944 374 ἐπὶ
974 342 1067 374 πᾶσι
1098 338 1200 383 θεὸν,

65 405 126 436 καὶ
151 401 216 437 τὸν
237 405 421 447 μονογενῆ
448 401 570 436 αὐτοῦ.

154 463 284 497 Eadem
314 465 459 509 peccatis
491 476 560 497 essc
586 462 749 504 obnoxia;
777 475 842 495 nec
875 471 962 495 astra
986 462 1110 501 modo,
1141 462 1202 494 sed

66 525 234 557 clementa
259 525 377 566 etiam,
401 538 438 558 ac
461 524 606 570 proinde
639 522 802 568 judicium
834 523 903 556 Dei
937 523 1020 556 olim
1050 522 1202 555 subitura

66 587 152 626 sore,
176 587 339 619 sententia
362 586 466 631 ipsius
492 595 550 626 est,
573 584 623 617 his
649 584 840 627 consignata
865 585 974 618 verbis
998 584 1126 618 Homil.
1141 585 1200 617 IV.

63 647 97 680 in
120 647 242 681 Ezech.
266 660 357 682 num.
384 648 413 682 1.
463 648 660 680 »Futurum
685 655 751 686 est,
781 656 821 679 ut
851 646 886 679 in
911 646 966 678 die
989 645 1107 692 judicii
1130 658 1201 678 non

61 709 172 742 solum
219 709 342 750 homo,
388 709 447 741 sed
493 708 592 741 etiam
634 707 789 742 universa
830 708 981 741 conditio
1022 708 1198 753 judicetur.

62 770 291 816 „‚‚Omnis¹)
325 770 452 815 quippe
485 780 636 803 creatura
669 770 885 812 congemiscit
911 779 945 803 et
970 769 1200 803 condolet.““

61 831 99 865 Si
124 831 232 864 omnis
257 841 406 864 creatura
423 830 638 874 congemiscit
663 841 696 865 et
714 833 887 873 condolet,
913 841 962 864 est
981 839 1093 864 autem
1109 843 1200 863 crea-

62 903 211 926 turarum
242 900 324 938 pars'
342 902 431 926 terra
468 902 501 925 et
532 893 688 934 coelum,
724 902 758 926 et
789 903 899 926 cetera
929 905 1082 939 quaeque
1115 905 1201 937 quae

60 955 122 988 sub
148 955 246 987 coelo
271 964 364 995 sunt,
400 964 434 987 et
466 967 550 999 quae
582 968 685 1000 super
715 955 849 996 coelos,
885 964 918 988 et
952 954 1197 998 liberabum-²)

62 1015 171 1048 omnis
196 1026 344 1049 creatura
368 1029 386 1049 a
409 1016 570 1049 servitute
595 1017 822 1062 corruptionis
853 1017 888 1049 in
912 1016 1101 1049 libertatem
1127 1017 1200 1058 glo-

60 1076 128 1110 riae
151 1077 320 1110 Filiorum
344 1077 430 1118 Dei,
470 1078 543 1123 quis
576 1078 639 1111 scit
673 1088 706 1111 et
730 1080 773 1111 de
795 1088 900 1119 terra,
940 1091 981 1110 an
1013 1079 1199 1110 secundum

60 1148 212 1171 naturam
244 1152 337 1171 suam
369 1138 403 1171 in
435 1139 550 1183 aliquo
586 1149 727 1184 peccato
762 1149 917 1172 teneatur
953 1138 1124 1172 obnoxia?
1162 1138 1200 1172 Si

61 1200 151 1232 enim
175 1200 298 1232 animal
323 1209 383 1240 est,
406 1199 477 1245 si3)
501 1200 711 1234 rationabilis
736 1210 802 1241 est,
826 1201 853 1234 si
873 1200 1002 1243 indiget
1025 1200 1199 1233 auditione

59 1261 222 1294 sermonis
253 1261 464 1306 prophetici,
495 1261 654 1296 dicentis:
688 1263 895 1303 „‚,Attende
908 1263 942 1307 ι)
975 1262 1129 1300 coelum,
1166 1270 1200 1293 et

60 1322 192 1367 loquar,
218 1331 250 1356 et
273 1322 388 1355 audiat
412 1332 498 1355 terra
524 1325 626 1356 verba
651 1324 719 1356 oris
743 1323 886 1356 mei:““
913 1332 966 1356 et:
998 1323 1196 1367 ,‚‚‚Audi⁵)

61 1384 217 1424 coelum,
250 1393 282 1416 et
313 1384 447 1416 auribus
471 1384 611 1429 percipe
634 1389 876 1419 terra““....:
910 1397 1012 1429 quare
1035 1397 1105 1416 non
1130 1393 1198 1417 ter-

59 1458 115 1478 rae
148 1453 181 1477 et
212 1444 295 1477 a'cris
325 1444 489 1491 judicium
520 1446 562 1479 sit
593 1446 799 1480 futurum?·‹
846 1447 887 1479 Id
920 1445 1043 1478 deinde
1074 1446 1198 1490 probat

59 1507 157 1540 variis
181 1507 377 1551 Scripturae
401 1507 614 1548 testimoniis,
638 1518 710 1541 tum
734 1508 845 1541 addit:
880 1509 1021 1553 »Capax
1046 1517 1112 1548 est,
1145 1507 1197 1540 in-

60 1581 170 1614 quam,
194 1569 338 1613 (terra),
362 1578 400 1601 ut
423 1569 546 1602 animal
572 1568 662 1615 juxta
684 1570 831 1615 partium
856 1570 1052 1615 qualitates,
1076 1579 1109 1602 ct
1133 1570 1197 1602 bo-

60 1643 183 1663 norum
202 1640 354 1671 actuum,
387 1639 420 1663 et
449 1631 637 1671 malorum,
668 1632 703 1664 in
734 1631 855 1676 quibus
886 1641 943 1665 aut
967 1633 1102 1665 laudem
1125 1645 1197 1665 me·

58 1701 180 1733 rentur,
205 1701 262 1724 aut
286 1705 465 1737 poenam.«
514 1693 625 1736 Super
649 1706 689 1725 eo
714 1702 906 1737 praeterea,
937 1694 1029 1738 quod
1054 1693 1197 1726 habetur

58 1753 180 1787 Matth.
209 1753 342 1798 XXIV,
383 1753 437 1789 35.
493 1754 698 1794 ,‚‚‚Coclum
738 1763 771 1786 et
808 1763 897 1787 terra
935 1755 1195 1788 transibunt.““

60 1814 160 1847 »Cur
183 1815 362 1856 coelum,«
389 1815 519 1860 inquit,
551 1816 880 1859 »praetergreditur‚
912 1829 971 1848 cur
1000 1825 1089 1848 terra
1119 1828 1196 1861 per-

59 1875 188 1914 transit,
210 1876 274 1908 nisi
298 1877 376 1921 quia
399 1876 555 1909 transitus
586 1876 638 1910 sui
670 1878 833 1922 quaedam
866 1877 963 1919 digna
987 1877 1191 1911 fecerunt?«

58 1938 172 1981 Atque
216 1937 297 1969 haec
343 1948 588 1971 commentatur
632 1939 666 1972 in
713 1939 799 1971 illud
845 1939 967 1972 Ezech.
1002 1940 1102 1981 XIV,
1140 1940 1193 1975 13.

60 2025 79 2040 „
89 1999 222 2041 „Terra
246 2011 314 2030 non
338 2000 527 2044 peccaverit
550 2000 652 2041 mihi,
683 2010 721 2034 ut
752 2001 1003 2045 praevaricetur
1025 2001 1194 2046 praevari-

159 2138 191 2182 ¹)
218 2138 288 2170 Cfr.
312 2139 412 2171 Rom.
438 2139 533 2179 vlu,
555 2139 610 2174 22.
704 2141 738 2186 ²)
766 2141 835 2175 Cfr.
859 2142 959 2176 Rom.
983 2142 1078 2181 VHI,
1101 2142 1156 2177 21.

152 2195 188 2237 ³)
212 2195 345 2227 Desunt
369 2195 403 2227 in
428 2195 504 2228 edd.
530 2195 572 2229 Η.
597 2196 715 2229 verba:
742 2214 759 2230 n
769 2197 796 2230 si
820 2197 1029 2231 rationabilis
1052 2207 1138 2232 est.«

156 2250 190 2296 ι)
214 2250 318 2284 nem.
343 2251 490 2294 mn,
517 2251 547 2286 1.
642 2252 675 2298 ⁵)
701 2253 800 2287 sesai.
826 2254 852 2295 1,
876 2253 908 2288 2.
