1403 2492
399 57 710 90 Omer'mmnonum
735 57 847 89 Lnsssu
864 56 911 89 11.
1140 59 1207 95 233

80 145 188 191 inquit
219 145 430 190 Theophilus
465 146 580 179 Pnseli.
607 146 655 185 1.‚
684 145 808 178 sentire
844 144 961 178 docuit
992 145 1207 192 (origenem)

79 216 222 251 propter
244 207 374 240 ruinam
399 217 433 240 et
457 207 566 252 lapsus
591 207 632 239 de
659 206 761 239 coelis
779 206 974 246 animarum,
998 207 1111 240 Deum
1136 220 1206 241 esse

80 269 293 313 compulsum
318 282 461 314 corpora
486 268 670 301 fabricare?
696 267 782 311 Quis
806 267 903 313 juxta·
919 269 1057 301 beatum
1080 269 1206 302 Lucam

81 341 219 369 eorum,
251 329 308 374 qui
340 329 510 369 viderunt,
540 338 572 361 et
603 328 746 361 ministri
776 329 911 362 suerunt
943 330 1106 363 sermonis
1128 330 1206 371 Dei,

80 390 158 423 huic
182 391 319 424 tradidit
343 393 385 424 ad
411 392 620 430 docendum,
644 390 845 432 negligentia
870 400 904 423 et
927 401 1034 431 motu,
1059 401 1092 424 et
1116 392 1207 425 fluxu

81 451 122 484 de
137 451 312 485 altioribus
328 452 577 485 rationabilium
592 461 829 492 creaturarum,
853 462 1074 496 provocatum
1092 453 1206 486 Deum

79 512 197 545 mundi
235 513 330 558 liujus
367 515 512 547 condere
553 512 829 546 diversitatem?«
876 513 920 545 Et
966 515 1205 558 postmodum:

81 573 195 610 »Dicit
222 574 310 607 enim
342 584 483 620 propter
514 584 650 619 peccata
683 573 947 616 intelligibilium
978 584 1205 608 creaturarum

77 635 239 668 muudum
265 648 333 668 esse
357 636 538 681 coepisse«
585 635 810 681 Hieronymus
834 634 866 667 in
889 635 985 680 epist.
1008 637 1052 668 ad
1075 636 1162 681 Eph.
1182 637 1206 679 l,

77 696 109 730 4.
133 710 203 729 non
228 710 381 741 expresso
416 697 570 739 Origenis
601 697 757 737 nomine,
790 696 987 730 sententiam
1017 697 1122 742 ipsius
1153 711 1207 730 ex·

79 758 194 802 ponit:
221 759 460 798 »Aliusdicit,
493 759 619 803 inquit,
652 769 726 791 ante
759 758 906 791 visibiles
939 768 1104 792 creaturas
1129 773 1207 792 coe-

79 819 165 859 lum,
189 829 328 860 ten-gum,
352 819 472 860 maria,
499 830 529 853 et
556 821 667 853 omnia
691 833 774 865 quae
799 819 886 852 intra
918 832 955 852 ea
979 830 1072 861 sunt,
1103 821 1204 854 fuisse

78 881 166 914 alias.
180 881 364 914 invisibiles
390 891 564 921 creaturas,
588 881 621 914 in
646 882 765 926 quibus
798 890 832 913 et
861 881 1005 921 animas,
1044 895 1128 927 quae
1160 885 1204 916 ob

78 943 236 988 quasdam
262 956 388 975 caussas
412 942 477 975 soli
500 943 578 975 Deo
601 952 698 975 notas
721 941 870 987 dejectae
894 942 961 975 sint
985 944 1142 977 deorsum
1169 944 1204 977 in

77 1003 199 1037 vallem
223 1003 320 1037 istam
345 1004 556 1037 lacrimarum
683 1006 801 1049 Itaque
836 1004 1031 1050 priusquam
1062 1006 1204 1046 animae,

77 1064 242 1110 inquiunt,
264 1066 569 1110 praecipitarentur
591 1067 625 1098 in
650 1067 825 1106 mundum,
849 1075 881 1098 et
905 1067 1049 1099 mundus
1074 1081 1112 1100 ex
1135 1068 1205 1101 ani-

77 1128 194 1159 mabus
218 1128 324 1167 fieret,
349 1140 424 1160 eum
448 1127 700 1160 habitatricibus
724 1127 790 1160 suis
815 1127 848 1159 iu
874 1127 1027 1160 infimum
1052 1128 1124 1173 ipse
1147 1130 1205 1161 de-

75 1187 194 1233 jectus,
218 1188 318 1230 elegit
342 1189 484 1221 Paulum
508 1189 632 1222 Deus.«
683 1188 778 1232 Quae
814 1189 963 1233 quamvis
998 1202 1036 1221 ex
1068 1190 1204 1222 alterius

78 1251 238 1295 opinione
263 1249 399 1282 recitata
421 1249 497 1290 sint,
521 1250 570 1282 his
595 1260 704 1283 tamen
730 1250 933 1284 consensisse
958 1251 1204 1298 Hieronymum

79 1312 254 1345 contendit
276 1311 416 1344 Rufinus
440 1312 565 1344 Invect.
592 1312 629 1351 I.,
653 1313 711 1344 sed
738 1312 938 1345 calumniam
962 1326 980 1345 a
1004 1325 1037 1345 se
1050 1323 1204 1347 removet

78 1373 304 1419 Hieronymus
329 1371 405 1405 libr.
430 1373 455 1404 I.
480 1373 628 1417 Apolog.
652 1373 685 1405 in
710 1373 821 1406 Rufin.
847 1387 918 1418 cap.
943 1374 974 1408 6.
1001 1376 1204 1417 Augustinus

78 1447 158 1467 vero
183 1434 258 1467 libr.
282 1434 341 1466 ΧΙ.
368 1434 409 1466 (le
436 1434 534 1467 Civit.
566 1434 653 1475 Dei,
685 1448 756 1480 cap.
783 1435 856 1474 23.,
889 1435 1070 1477 Origenem
1095 1439 1204 1472 nomi-

76 1496 178 1528 natim
205 1494 374 1528 adoritur:
402 1494 558 1527 »Animas
583 1495 716 1536 dicunt,
748 1509 816 1528 non
841 1497 976 1542 quidem
1004 1509 1113 1543 partes
1137 1501 1204 1533 Dei

75 1558 135 1590 sed
158 1558 259 1589 factas
283 1569 302 1589 a
324 1557 400 1589 Deo
425 1569 578 1601 peccasse
606 1571 624 1591 a
650 1558 837 1591 Conditore
861 1560 1069 1602 recedend03
1098 1571 1130 1594 et
1155 1562 1204 1594 di-

77 1618 178 1652 versis
207 1618 436 1663 progressibus
472 1632 535 1664 pro
574 1620 766 1652 diversitate
795 1629 1013 1664 peccatorum
1045 1634 1062 1654 a
1101 1623 1204 1656 coelis

75 1693 181 1726 usque
206 1681 249 1712 ad
272 1689 394 1720 terras,
425 1679 553 1712 diversa
587 1693 730 1724 corpora
761 1682 854 1726 quasi
878 1682 1009 1715 vincula
1033 1685 1204 1719 meruisse.

76 1743 122 1775 Et
145 1742 232 1774 hunc
257 1753 326 1773 esse
352 1741 525 1781 mundum,
552 1754 691 1786 eamque
718 1755 863 1775 caussam
889 1744 1005 1776 mundi
1030 1745 1130 1778 fuisse
1155 1748 1204 1779 fa-

77 1803 197 1843 ciendi,
221 1816 287 1835 non
312 1811 349 1834 ut
374 1803 600 1835 conderentur
622 1804 730 1843 bona,
753 1805 810 1836 sed
836 1813 873 1836 ut
897 1806 982 1838 mala
1007 1807 1204 1841 cohiberen-

77 1875 140 1898 tur.
188 1864 275 1897 Hinc
300 1863 462 1906 Origenes
486 1864 557 1909 jure
583 1865 752 1910 culpatur3
783 1866 817 1898 in
854 1867 946 1899 libris
979 1869 1097 1909 enimj
1119 1883 1202 1915 quos

78 1927 227 1971 appellat
250 1925 481 1970 πέρὶιὶρχῶν,
506 1926 539 1958 id
566 1937 624 1967 est,
650 1928 690 1959 de
705 1927 893 1972 Principiis,
918 1929 982 1962 lioc
1001 1931 1112 1972 sensit,
1137 1932 1203 1966 hoc

77 1987 239 2031 scripsit.«
290 1989 398 2031 Atque
424 1987 503 2019 haec
528 1989 636 2021 valide
662 1991 882 2033 postmodum
908 2003 1090 2036 oppugnat.
1132 1994 1204 2038 Op-

77 2059 204 2094 pugnat
228 2048 327 2081 etiam
359 2062 433 2080 cum
465 2049 563 2089 alibi,
594 2059 665 2083 tum
698 2050 840 2083 maxime
872 2052 959 2084 libro
989 2064 1103 2087 contra
1130 2056 1204 2088 Pri-

78 2109 297 2150 scillianistas,
322 2120 353 2142 et
367 2110 581 2153 origenistas,
607 2125 677 2156 cap.
694 2113 725 2147 S.
752 2127 827 2146 cum
851 2115 1035 2159 scripsisset
1059 2118 1100 2149 ad
1126 2132 1201 2151 eum

79 2171 220 2205 Orosius
246 2171 278 2203 in
305 2171 596 2214 commonitorio,
627 2174 660 2206 id
687 2188 755 2208 csse
781 2176 980 2218 Origcnistis
1004 2177 1202 2222 quibusdam

77 2247 288 2278 persuasum:
319 2235 504 2268 »Mundum
530 2236 707 2270 novissime
732 2238 809 2271 idco
836 2252 904 2272 csse
928 2240 1054 2273 factum
1070 2267 1078 2282 ,
1109 2251 1145 2273 ut
1170 2242 1202 2274 in
