1403 2492
156 89 224 125 266
485 89 598 123 Pei-tu
627 90 802 124 Dmmus
827 91 959 126 numu

159 184 268 226 Atque
295 181 373 212 liam:
401 181 601 214 Adamantio
626 183 667 214 ad
693 181 980 226 interpretandam
1005 182 1187 225 allegorice
1204 183 1294 217 Scri-

157 253 289 288 ptnram
316 242 471 276 alluxisse
497 244 605 275 facem
631 242 777 287 reperio.
828 242 908 286 Quo
943 256 1019 276 eum
1045 243 1146 276 etiam
1170 257 1295 289 perpu-

157 305 195 337 lit
221 303 372 349 praebita
397 317 415 336 a
440 305 614 338 Marcione
639 305 792 344 occasio,
817 305 981 349 pestifero
1007 306 1200 344 Haereticn,
1223 305 1296 350 qui-

157 380 234 399 cum
259 365 432 410 perpetuis
458 367 712 399 velitationibus
743 367 1017 400 conflictabatur:
1051 367 1078 400 is
1102 366 1192 400 enim
1217 380 1295 400 cunt

156 427 332 470 allegorias
356 440 374 459 a
398 427 592 472 Scripturac
624 428 892 471 expositionibus
924 428 1058 473 penitus
1089 430 1296 469 excluderet,

158 490 229 536 ejus
255 490 473 534 oppugnandi
498 490 612 522 studio
642 490 808 522 contraria
834 489 946 522 omnia
971 500 1105 531 secutus
1129 501 1189 531 cst,
1213 490 1295 523 alle-

156 551 326 596 goriisque
352 552 508 584 consulto
534 551 684 584 indulsit.
734 551 838 595 Quod
864 561 898 583 et
921 552 1079 585 adversus
1104 553 1221 585 literae
1245 566 1297 585 se-

157 623 302 646 ctatores
328 614 454 646 sactum
481 615 521 646 ab
547 626 587 646 eo
614 613 784 658 conjicere
811 613 891 646 licet
917 627 955 646 ex
980 613 1037 655 iis,
1065 628 1150 659 quae
1173 615 1296 648 Homi—

156 676 199 708 lia
224 677 315 708 XlV.
343 675 376 707 in
402 675 508 708 Levit.
534 675 604 720 ipse
631 675 842 720 conscripsit.

246 739 304 772 lV.
354 739 513 770 Attamen
537 738 574 782 ¹)
614 737 802 770 accuratius
842 738 965 782 scripta
1012 738 1082 783 ejus
1124 737 1297 771 evolventi

155 799 261 833 multa
287 809 483 839 occurrent,
516 800 549 832 in
581 800 703 844 quibus
733 813 834 847 suam.
860 800 974 832 literae
1007 800 1204 842 dignitatem
1229 813 1297 833 ser-

157 871 222 903 vat,
247 871 281 894 et
305 862 346 894 de
372 874 410 893 ea
434 874 538 906 aequa
563 874 600 894 ac
625 871 716 894 recta
740 861 879 903 scribit;
904 863 1102 895 historicum
1127 863 1160 896 in
1175 863 1296 907 aliqui-

156 925 218 957 bus
241 923 422 956 admittens
446 936 592 963 sensum,
616 924 837 966 allegoricum
864 924 897 956 in
924 925 1095 969 pluribus,
1121 925 1154 957 in
1180 925 1295 957 multis

154 996 348 1030 utrumque.
385 984 478 1028 Quid
497 985 649 1018 usitatius
665 985 715 1018 illi
733 987 773 1018 ad
793 987 961 1031 populum
986 987 1170 1031 peroranti,
1194 1000 1295 1031 quam

155 1048 314 1095 mysticae
339 1046 543 1092 expositioni
570 1047 884 1091 interpretationem
912 1048 1027 1080 literae
1054 1048 1157 1080 veluti
1176 1049 1297 1081 sunda·

155 1120 308 1143 mentum
333 1109 570 1142 substernere?
594 1109 746 1142 Humilia
772 1110 908 1154 quidem
942 1110 1056 1154 priore
1087 1110 1121 1142 in
1147 1109 1295 1143 Genesin

155 1187 247 1205 num.
274 1172 326 1206 14.
352 1181 386 1204 et
412 1171 483 1210 15.,
514 1184 647 1203 versum
671 1172 725 1205 27.
752 1181 785 1203 et
809 1172 862 1205 28.
887 1171 990 1216 primi
1022 1171 1140 1217 capitis
1172 1172 1297 1204 edisse-

154 1248 231 1267 rens
246 1234 287 1266 ab
305 1232 542 1278 explanatione
558 1233 676 1266 literae
692 1233 882 1278 auspicatus
896 1234 936 1266 ad
951 1233 1147 1275 allegoriam
1166 1233 1292 1266 transit.

155 1288 492 1340 H‹›milia⁴sequenti
525 1309 617 1329 num.
646 1296 675 1332 1.
708 1297 808 1329 verba
839 1298 985 1328 (aeturus
1018 1296 1059 1327 de
1092 1295 1218 1328 fabrica
1243 1309 1295 1328 ar-

157 1372 214 1391 cae
239 1358 468 1402 Nomio-³02²)
504 1358 639 1390 »Primo
661 1359 835 1398 omnium,
862 1358 990 1403 inquit,
1016 1357 1188 1390 videamus
1209 1372 1294 1403 quae

156 1422 198 1453 de
222 1433 259 1452 ea
283 1420 469 1452 secundum
503 1419 635 1451 literam
666 1420 876 1460 reseruntur,
909 1430 941 1452 et
972 1419 1185 1464 quaestiones
1216 1433 1296 1465 pro-

155 1491 332 1528 ponentes,
358 1494 442 1525 quae
469 1481 571 1526 objici
596 1494 614 1513 a
637 1481 793 1525 pluribus
824 1481 952 1520 solent,
983 1481 1083 1513 etiam
1109 1481 1296 1515 absolutio-

155 1557 213 1577 nes
231 1556 346 1576 earum
364 1556 401 1574 ex
427 1541 488 1581 his,
513 1554 598 1586 quae
621 1542 721 1574 nobis
744 1552 822 1574 sunt
846 1556 863 1574 a
879 1541 1062 1587 majoribus
1088 1544 1218 1583 tradita,
1242 1558 1295 1577 re—

157 1606 346 1651 quiramus:
370 1615 407 1637 ut
434 1617 510 1636 cum
535 1603 774 1649 hujuscemodi
797 1604 1015 1637 fundamenta
1041 1605 1227 1649 jecerimus,
1252 1608 1294 1639 ab

156 1667 315 1701 historiae
340 1676 431 1699 textu
456 1666 625 1710 possimus
651 1666 856 1698 adscendere
890 1667 931 1698 ad
955 1667 1140 1711 spiritualis
1167 1668 1295 1700 intelli-

156 1730 286 1773 gentiae
318 1728 496 1774 mysticum
529 1737 561 1760 et
593 1727 814 1771 allegoricum
846 1741 998 1767 sensum,
1030 1736 1063 1762 et
1092 1729 1121 1761 si
1154 1730 1234 1774 quid
1260 1730 1294 1763 iu

156 1793 197 1825 iis
222 1805 379 1824 arcanum
405 1790 609 1829 continetur,
633 1790 792 1835 aperire«
843 1790 995 1823 Humilia
1015 1790 1085 1823 Vll.
1113 1790 1145 1824 in
1172 1791 1296 1826 Genes.

159 1856 200 1887 de
228 1856 340 1887 lsaaco
369 1862 400 1885 et
427 1852 566 1884 Istunc-tc
594 1866 711 1895 agens,
743 1853 950 1897 Apostolum
982 1862 1093 1885 narrat
1112 1854 1295 1896 allegorice

157 1916 444 1961 interpretandam
495 1928 613 1947 eorum
659 1915 833 1948 historiam
879 1914 1056 1947 censuisse.
1119 1915 1207 1948 Tum
1250 1917 1295 1949 ait

156 1991 248 2011 num.
273 1977 305 2011 2.
355 1976 469 2020 »Quid
502 1976 606 2018 crgo?
643 1977 730 2009 Isaac
761 1990 829 2009 non
864 1987 913 2009 est
943 1978 1128 2010 secundum
1159 1991 1294 2012 carnem

156 2039 276 2073 natus?
296 2040 374 2072 Non
399 2052 474 2071 eum
502 2039 634 2083 peperit
659 2039 764 2072 Sara?
787 2040 863 2072 Non
885 2049 931 2072 cst
957 2039 1194 2074 circumcisus?
1218 2042 1293 2074 Hoc

230 2184 263 2228 ¹)
288 2183 374 2215 Vide
399 2184 643 2227 praefationem
676 2184 778 2217 Tomi
816 2184 972 2225 secundi,
1002 2184 1144 2217 articulo
1168 2186 1198 2220 8.
1227 2185 1294 2218 Ru-

157 2243 243 2262 aeus.
271 2249 309 2254 -
338 2228 406 2262 Csr.
435 2243 506 2273 pag.
532 2229 607 2264 263.
634 2240 703 2262 not.
733 2231 761 2265 1.

228 2285 261 2329 ²)
287 2284 371 2317 Edd.
399 2285 532 2319 lluetii:
561 2286 724 2320 Noitieac.
