1403 2492
182 50 250 87 280
522 58 634 94 Pe‘rm
668 61 838 98 DANffims
868 64 1000 101 nomn

185 154 263 175 vcra
286 155 354 177 non
380 155 482 181 esset:
510 169 550 175 -—
577 151 651 196 quis
683 153 772 186 enim
804 155 869 189 hoc
905 166 1004 201 neget
1035 161 1102 197 —2
1137 162 1196 195 sed
1228 164 1321 209 quod

183 206 376 249 symbolum
402 220 488 243 esset
513 213 582 245 veri
606 215 791 249 sacerdotis
817 218 951 252 Christi.
1001 221 1131 256 lbidem
1163 226 1322 259 sacrificia

185 266 358 302 Mosaicae
383 270 476 313 legis,
499 276 687 320 symbolica
719 280 886 323 appellat:
918 295 986 316 non
1018 285 1110 328 quod
1134 298 1251 319 revera
1273 300 1322 320 sa-

185 328 311 363 crificia
336 344 404 365 non
430 346 556 380 essent3
579 340 637 371 sed
664 341 755 384 quod
780 344 933 388 symbola
949 355 1058 378 essent
1069 347 1324 389 sacrificiorum,

183 402 270 434 quae
296 393 381 427 fiunt
404 409 468 441 pro
492 401 649 444 peccatis.
687 404 791 436 Addit
812 406 961 448 demum,
986 421 1061 440 cum
1080 409 1226 454 subiugi,
1249 424 1324 443 cor-

183 464 269 495 pore
295 468 418 501 nempe
442 472 524 501 suo,
557 473 692 497 vectum
723 466 840 500 Jesum
873 469 1006 514 excepit
1029 483 1106 518 gera
1121 472 1322 514 Jerusalem,

182 527 327 560 superna
352 520 502 562 scilicet,
528 533 606 557 tunc
638 526 832 572 dissipatam
865 530 966 564 fuisse
995 533 1204 575 Jerusalem,
1236 548 1322 580 quae

183 578 303 612 umbra
329 591 393 616 est:
418 586 572 619 umbram
599 588 732 628 dicens,
758 604 821 635 pro
848 605 909 633 eo,
935 595 1028 638 quod
1051 597 1244 642 symbolum
1271 597 1321 630 di-

181 649 290 674 xerat:
314 655 383 676 non
409 648 501 690 quod
526 648 714 684 Jerusalem
740 652 893 694 inferior,
918 665 1051 689 terrena
1075 658 1247 700 nimirum,
1271 672 1323 692 re·

184 713 258 734 vera
281 703 470 741 Jerusalem
496 723 563 743 non
590 723 692 754 esset;
717 715 775 746 sed
803 717 894 760 quod
920 719 1040 752 umbra
1066 730 1151 753 esset
1176 730 1209 754 et
1232 735 1321 768 sym-

179 762 298 797 bolum
324 780 488 812 supernae
513 773 710 808 Jerusalem.
760 777 835 810 Pari
861 780 966 812 modo
992 781 1111 823 igitur,
1145 796 1221 816 cum
1247 798 1321 818 eor-

179 836 242 867 pus
269 826 395 863 Christi
419 834 569 878 appellat
594 839 819 883 symbolicum
846 850 879 873 et
899 841 1064 887 typicum,
1089 857 1158 877 non
1178 846 1252 878 illic
1268 859 1321 879 re-

180 898 256 920 vera
282 890 396 925 adesse
422 906 519 937 negat
544 897 666 932 Christi
694 914 836 946 corpus,
861 903 920 936 sed
946 917 1102 948 praesens
1125 906 1198 939 illic
1223 907 1320 941 Chri-

179 948 221 980 sti
248 963 371 996 eorpus
396 958 590 1002 symbolum
625 971 657 994 et
691 972 810 1008 typum
835 977 905 998 esse
932 967 1003 999 vult
1027 980 1138 1000 rerum
1165 969 1318 1010 aliarum,

179 1022 292 1045 earum
319 1028 452 1061 nempe,
478 1033 559 1064 quas
586 1026 940 1067 commemoravimus,
966 1038 1046 1072 puta
1066 1029 1116 1062 sui
1134 1030 1238 1074 ipsius
1264 1045 1318 1064 ex-

178 1078 227 1103 tra
252 1075 520 1114 Sacramentum.
570 1084 608 1116 ld
634 1087 726 1129 quod
758 1087 837 1120 satis
867 1088 994 1122 indicat
1025 1091 1210 1134 Origenes,
1239 1107 1317 1127 cum

176 1136 333 1176 proxime
358 1141 545 1187 subjungit:
570 1149 696 1181 Πολλὰ
721 1147 752 1183 ‹5’
779 1147 826 1184 (ἲν
849 1153 911 1184 καὶ
935 1155 1019 1199 περὶ
1044 1153 1158 1188 αὑτοῦ
1175 1157 1317 1201 λέγοιτο

176 1198 240 1230 τοῦ
266 1199 389 1244 λόγου,
414 1201 452 1242 ὃς
477 1209 606 1251 γέγονε
632 1210 661 1250 ’)
694 1210 803 1256 σὰρξ,
836 1215 898 1246 καὶ
930 1213 1085 1259 ἀληθινὴ
1101 1215 1136 1261 ²)
1165 1221 1316 1263 βρῶσις·

174 1256 208 1290 in
235 1261 356 1304 quihus
381 1265 518 1300 disserit*
540 1270 580 1302 de
611 1271 734 1305 Christi
765 1286 911 1319 corpore
934 1286 1024 1309 extra
1048 1278 1315 1317 Sacramentum.

175 1319 278 1355 Nulla
303 1324 382 1367 liae,
415 1341 516 1373 quam
551 1333 687 1374 damus,
722 1335 836 1380 aptior
865 1338 920 1370 vel
956 1339 1102 1372 solidior
1134 1343 1315 1385 excogitari

174 1393 288 1425 potest
320 1388 389 1421 loci
424 1390 520 1436 hujus
552 1395 699 1436 solutio,
738 1407 860 1442 utpote
893 1413 978 1445 quae
1011 1414 1050 1434 ex
1083 1403 1316 1440 consimilibus

173 1445 347 1490 scriptoris
374 1451 524 1497 ejusdem
549 1456 753 1492 testimoniis
778 1460 882 1504 petita
906 1462 960 1502 sit,
985 1472 1018 1495 et
1035 1475 1185 1498 mentem
1210 1467 1314 1512 ipsius

172 1508 352 1543 manifesto
380 1515 539 1550 declaret.
587 1518 726 1553 Frustra
751 1521 854 1564 igitur
886 1537 923 1556 ex
954 1526 1189 1569 superioribus
1221 1530 1312 1563 Ada-

171 1570 289 1602 mantii
316 1573 357 1605 de
382 1575 589 1612 Eucharistia
623 1582 733 1615 verbis
765 1584 971 1628 praesidium
1004 1600 1120 1620 causae
1152 1603 1230 1623 suae
1261 1605 1312 1626 ar-

171 1642 298 1665 cessere
325 1638 436 1670 eonati
460 1651 537 1674 sunt
571 1633 669 1677 multi
695 1654 888 1690 temporum
918 1647 1061 1681 istorum
1087 1650 1309 1688 Heterodoxi.

170 1691 308 1728 Frustra
334 1711 471 1744 quoque
496 1703 610 1737 lecum
637 1707 678 1738 ab
704 1707 891 1742 Haereticis
917 1711 1137 1755 deprav‘atum
1163 1716 1312 1760 suspica-

170 1763 223 1787 tus
264 1768 313 1791 est
351 1761 464 1795 Sixlus
504 1767 664 1801 Senensis
705 1763 868 1803 Biblioth.
903 1771 960 1804 lib.
992 1774 1049 1806 VI.
1100 1776 1224 1811 Annot.
1255 1778 1308 1813 66.

170 1816 309 1853 Frustra
333 1823 374 1855 ab
399 1824 539 1860 Erasmo
574 1829 758 1875 interprete
793 1843 992 1878 corruptum
1024 1837 1202 1883 conjectati
1233 1851 1308 1874 sunt

169 1879 428 1927 Genebrardus,
461 1899 493 1921 et
527 1890 727 1935 Perronius;
761 1908 836 1926 cum
871 1895 1094 1938 integritatem
1128 1900 1196 1934 loci
1228 1903 1307 1936 Mss.

170 1942 340 1979 Codicum
366 1949 576 1985 Graecorum
603 1967 785 1989 consensus
811 1967 926 2002 aperte
951 1961 1084 2004 probet.

259 2007 399 2043 Praeter
423 2013 492 2045 duo
518 2015 576 2048 illa
602 2017 758 2058 origenis
781 2021 996 2062 testimonia,
1028 2023 1148 2067 quibus
1175 2025 1216 2058 de
1240 2026 1308 2058 Eu-

169 2068 343 2104 charistiae
375 2086 587 2108 sacramento
620 2091 800 2123 perperam
836 2083 975 2115 sensisse
1009 2084 1098 2117 visus
1138 2096 1202 2126 est,
1243 2089 1305 2120 alia

167 2141 313 2174 quatum-
343 2137 473 2175 gcneris
508 2137 657 2182 ejusdem
691 2142 790 2175 affert
822 2143 941 2178 Petrus
977 2146 1116 2192 Martyr.
1148 2148 1182 2180 in
1215 2148 1303 2181 libro

264 2251 294 2295 ¹)
320 2252 377 2287 Ev.
404 2255 522 2289 Joaun.
552 2259 576 2297 l,
605 2259 654 2292 14.
753 2261 786 2306 2)
812 2262 870 2295 Ev.
897 2264 1018 2298 Joann.
1044 2266 1102 2307 Vl,
1129 2266 1181 2300 55.
