1403 2492
162 55 208 91 28
494 53 607 88 Pzrm
632 53 807 88 DAmssus
831 53 963 88 Humn

165 152 299 190 σκεψαι
334 144 396 188 δὲ,
435 145 466 179 εἰ
501 143 660 179 δυνατὸν
694 146 965 190 τροπολογῆσαι
1005 142 1216 184 ἀκολούθως
1243 147 1293 190 τῷ

165 208 352 254 ὀφθαλμῷ
372 207 435 241 καὶ
454 203 493 241 τὸ
511 207 629 252 σῶμα,
655 204 746 242 ὥστε
771 205 858 250 ὅλην
882 203 951 250 ἤδη
975 204 1042 249 τῆν
1065 205 1200 252 ψυχῆν,
1224 204 1296 241 κᾶν

161 270 213 318 μὴ
239 266 425 316 σωματικὴ
450 265 622 317 τυγχάνῃ,
649 267 807 314 φάσκειν
831 270 899 304 νῦν
915 270 1087 314 λέγεσθαι
1107 266 1147 303 τὰ
1165 269 1294 314 σῶμα·

164 343 198 367 et
220 345 317 365 mox:
354 333 429 365 Καὶ
458 329 510 377 μή
541 329 735 378 θαυμάσῃς
766 330 805 365 δὲ
836 333 868 366 εἰ
899 331 940 366 ἐν
962 332 1012 376 τῷ
1044 327 1137 374 »(31)
1166 327 1299 375 λύχνος

161 397 226 431 τοῦ
252 391 418 439 σώματός
441 391 569 428 ἐστινὸ
588 390 828 438 &qimands-«t
853 394 1122 439 τροπολογικῶς
1135 390 1174 427 ῐό
1191 393 1299 438 σῶμα

165 459 228 494 ἐπὶ
259 459 319 501 τῆς
351 456 470 500 ψυχῆς
501 452 746 500 λαμβάνεται,
788 460 903 490 καίτοι
934 468 977 501 γε
1007 456 1058 501 τῷ
1090 455 1172 499 ἰδίῳ
1199 452 1298 500 λόγῳ

165 517 273 564 οὔσης
301 515 464 563 ἀοράτου
494 519 555 552 καὶ
587 514 802 563 ἀσωμάτου·
839 515 930 552 κατὰ
964 516 1038 563 γὰρ
1072 515 1138 560 τὴν
1173 514 1298 553 εἰκόνα

163 585 293 629 γέγονε
324 581 387 615 τοῦ
420 578 579 625 ἀοράτου
611 580 719 613 θεοῦ·
757 579 907 624 ἐπείπερ
935 579 1206 625 τροπολογικῶς
1234 579 1297 613 καὶ

162 643 225 684 τὰς
249 640 423 687 δυνάμεις
446 643 506 684 τῆς
531 642 650 686 ψυχῆς
669 638 887 686 εὑρίσκομεν
905 639 1111 687 ’ὁμωνύμως
1129 644 1204 680 τοῖς
1222 651 1298 675 σω-

161 709 329 754 ματικοῖς
357 706 526 750 μέρεσιν,
563 701 630 738 οὐκ
659 699 770 742 οὔσας
799 701 967 748 σώματα,
1009 702 1296 748 ὀνομαζομένας.

163 772 275 814 Atque
298 767 382 799 haec
404 774 482 799 sunt
511 764 698 811 ejusmodi,
731 774 770 797 ut
801 778 878 798 cum
901 764 1133 810 superioribus
1156 764 1298 810 perinde

163 828 336 864 conciliari
357 840 427 860 non
450 826 597 872 possint,
621 840 658 859 ac
687 838 773 872 quae
794 826 840 875 vde
863 825 989 869 angelis
1012 826 1201 872 scripserat,
1225 839 1300 859 eor—

160 906 225 938 pus
248 891 329 936 ipsis
352 902 593 934 nonnunquam
616 887 812 933 imponens,
843 901 1086 934 nonnunquam
1109 889 1300 924 detrahens.

161 955 318 988 Diximus
343 951 432 985 enim
456 963 520 996 pro
544 960 718 996 respectus
742 951 935 984 diversitate
959 950 1048 984 varie
1079 951 1232 984 locutum
1256 951 1300 984 de

162 1017 360 1059 angelorum
397 1013 600 1058 corporibus
637 1012 840 1055 origenem,
878 1026 1003 1058 eosque
1039 1022 1195 1058 respectu
1232 1013 1301 1046 Dei

163 1086 362 1123 corporatos
397 1075 535 1115 dixisse,
576 1084 733 1120 respectu
771 1075 890 1107 mundi
929 1074 1026 1121 hujus
1062 1075 1300 1120 adspectabilis

163 1152 309 1185 corpore
333 1145 492 1171 carentes.
540 1137 606 1170 Hic
630 1146 742 1169 autem
765 1127 833 1169 Dei
858 1136 962 1181 ipsius
993 1146 1149 1182 respectu
1173 1137 1299 1170 animas

164 1214 309 1247 corpore
335 1213 448 1233 carere
473 1199 570 1240 dicit,
600 1207 721 1244 utpote
752 1211 836 1243 quae
860 1198 902 1231 ad
928 1197 997 1244 ejus
1020 1198 1200 1241 imaginem
1218 1212 1298 1232 con-

164 1265 253 1298 ditae
277 1263 352 1296 sint.
399 1261 454 1294 Ad
478 1262 559 1298 haec
575 1260 803 1307 Hieronymus
829 1260 925 1305 epist.
938 1260 992 1295 59.
1011 1262 1053 1294 ad
1069 1261 1159 1295 Avit.
1177 1275 1248 1307 cap.
1265 1262 1297 1297 2.

164 1325 304 1360 adducit
325 1323 429 1356 verba
452 1322 534 1354 haec
557 1321 713 1363 Origenis
745 1334 785 1354 ex
813 1321 881 1355 fine
913 1321 992 1355 libri
1014 1323 1058 1357 11.
1083 1324 1125 1356 de
1149 1323 1299 1369 Princip.

167 1388 349 1431 »Cumque
374 1385 407 1418 in
431 1393 562 1416 tantum
586 1382 849 1427 profecerimus,
879 1392 918 1416 ut
946 1396 1158 1429 nequaquam
1183 1398 1298 1420 carnes

164 1459 198 1483 et
228 1459 391 1492 corpora,
429 1445 570 1478 forsitan
603 1457 645 1477 ne
685 1445 814 1477 animae
851 1444 988 1490 quidem
1019 1446 1198 1488 fuerimus,
1238 1448 1299 1480 sed

162 1525 257 1546 mens
286 1519 319 1543 et
341 1521 455 1542 sensus
477 1508 520 1540 ad
544 1507 734 1552 perfectum
758 1507 912 1549 veniens,
935 1508 1099 1552 nulloque
1124 1510 1301 1553 perturba-

164 1575 296 1608 tionum
319 1570 440 1604 nubilo
465 1569 628 1611 caligam,
654 1568 840 1602 intuebitur
862 1569 1081 1603 rationabiles
1106 1569 1301 1613 intelligibi-

164 1638 281 1681 lesque
305 1632 503 1667 substantias
528 1631 621 1664 sacie-
639 1632 681 1664 ad
707 1631 868 1664 faciemu«
904 1644 988 1676 quae
1017 1644 1114 1665 more
1137 1645 1199 1666 suo
1224 1646 1302 1678 per·

163 1699 265 1732 vertit
287 1696 440 1731 Rufinus.
493 1695 615 1728 Parem
645 1707 746 1738 supra
780 1692 977 1727 memoratis
1004 1693 1299 1727 ratiocinationem

163 1776 181 1795 e
205 1761 295 1795 libro
319 1758 378 1792 Ill.
404 1758 446 1790 de
471 1756 622 1801 Princip.
655 1755 1044 1802 adducit.Hieronymus
1068 1754 1220 1801 ejusdem
1245 1768 1298 1800 ep.

165 1837 236 1868 cap.
253 1822 298 1862 3.,
321 1819 543 1853 necessarium
567 1818 697 1852 scilicet
721 1831 791 1851 esse
815 1819 1026 1857 alterutrum,
1050 1825 1086 1849 ut
1111 1817 1164 1849 vel
1189 1816 1300 1850 incor-

162 1885 261 1930 porei
285 1885 422 1922 fiamus,
451 1881 478 1914 si
504 1881 579 1914 Deo
604 1880 729 1914 similes
755 1892 824 1913 esse
847 1879 1037 1921 studemus,
1067 1878 1122 1911 vel
1147 1888 1185 1911 ut
1208 1878 1300 1911 simi-

164 1946 344 1980 litudinem
368 1943 436 1977 Dei
460 1956 528 1976 non
555 1954 748 1987 speremuS,
789 1940 816 1973 si
850 1942 966 1973 eadem
999 1953 1142 1985 corpora
1167 1954 1301 1985 semper

165 2007 311 2041 habituri
335 2018 465 2039 sumus:
492 2014 526 2036 et
550 2004 583 2036 in
611 2017 663 2047 ep.
678 2003 732 2037 61.
758 2003 799 2034 ad
824 2003 1018 2039 Pammatli.
1040 2016 1113 2047 cap.
1127 2003 1158 2036 5.
1181 2002 1298 2035 dixisse

165 2069 211 2102 ait
235 2068 417 2110 Origene-m
443 2067 475 2098 in
508 2065 602 2098 libris
634 2066 719 2110 περὶ
750 2063 890 2110 ἀρχῶν,
924 2065 1077 2105 »solen1‚
1117 2074 1150 2097 et
1174 2065 1298 2104 lunam,

167 2141 199 2164 et
229 2130 381 2163 onmium
416 2138 585 2160 astrorum
616 2127 756 2160 chorum
787 2140 858 2161 esse
892 2127 1018 2161 animas
1047 2125 1299 2161 rationabilium

264 2253 294 2296 1)
319 2252 397 2285 Luc.
424 2252 486 2291 Xl,
511 2251 564 2286 34.
