1403 2492
393 99 705 132 omarum-onim
734 96 847 129 Lmen
874 95 916 128 H.
1160 93 1227 128 219

94 188 243 233 Impium
268 197 380 221 autem
404 189 445 221 ab
469 187 586 232 iniquo
610 186 658 219 ita
684 184 873 227 distinguit:
915 182 1067 217 »Omnis
1102 182 1227 227 impius

94 250 228 295 iniquus
253 260 320 290 est,
355 258 389 283 et
411 256 592 294 peccator3
622 259 684 279 nec
715 246 964 291 reciprocatur,
993 254 1032 277 ut
1060 244 1228 289 possimus

96 313 225 345 dicere:
252 311 361 344 omnis
385 318 545 356 peccator
568 317 603 340 et
625 307 759 353 iniquus
784 308 885 340 etiam
909 306 1036 352 impius
1059 315 1119 340 est.
1160 307 1229 339 Im-

94 373 201 418 pietas
226 373 316 406 enim
340 371 480 417 proprie
510 371 552 403 ad
587 383 645 402 eos
677 369 846 414 pertinet,
881 368 938 413 qui
969 368 1126 401 notitiam
1160 367 1230 400 Dei

94 447 164 467 non
200 434 344 475 babent,
377 433 433 466 vel
472 431 700 473 cognitionem
738 431 999 472 transgressione
1040 438 1231 471 mutarunt3

94 505 272 541 peccatum
295 505 408 528 autem
432 504 465 527 et
493 493 651 538 iniquitas
687 505 750 537 pro
783 492 943 536 qualitate
968 491 1130 523 vitiorum
1152 501 1232 535 post

95 557 226 603 peccati
260 567 294 590 et
323 555 510 601 iniquitatis
541 555 680 587 vulnera
710 553 832 598 recipit
861 552 1078 587 sanitatem«
1134 554 1232 587 Post-

95 620 238 652 modum
272 618 471 652 sententiam
500 630 596 650 suam
629 629 706 648 cum
732 615 935 657 origeniana
964 614 1011 647 ita
1034 616 1230 660 componit:

99 681 157 714 »Si
182 680 345 722 Origenes
369 691 485 712 omnes
514 677 732 710 rationabiles
761 685 928 709 creaturas
960 676 1045 709 dicit
1066 689 1137 709 non
1161 690 1232 711 esse

97 743 298 786 perdendas,
323 750 357 774 et
380 740 519 773 diabolo
544 739 663 772 tribuit
685 738 950 784 poenitentiam,
987 738 1071 783 quid
1093 739 1135 772 ad
1159 753 1233 779 nos,

99 804 157 848 qui
181 812 214 836 et
238 803 425 843 diabolum,
449 811 483 835 et
507 801 668 834 satellites
694 799 783 846 ejus,
824 812 1008 844 omnesque
1044 800 1169 845 impios
1200 812 1235 835 et

98 864 383 910 praevaricatores
417 863 559 896 dicimus
590 861 702 907 perire
733 871 918 907 perpetuo:
951 871 986 894 et
1015 862 1234 904 Christianos,

97 926 126 960 si
151 926 186 959 in
210 915 355 971 peccatis
379 924 555 970 praeventi
576 923 723 963 suerint,
751 923 930 956 salvandos
954 936 1025 957 esse
1049 934 1128 969 post
1151 939 1236 970 poe-

98 988 205 1022 nas?«
233 989 332 1022 Clara
354 997 431 1020 sunt
456 996 489 1019 et
512 986 582 1026 illa,
606 986 641 1018 in
666 985 788 1030 quibus
811 985 913 1017 finem
938 985 1037 1029 ponit
1054 986 1237 1020 Commen-

99 1050 192 1084 tariis
215 1049 282 1082 suis
307 1049 341 1082 in
365 1049 504 1088 Isaiam,
536 1048 650 1080 dicens
679 1046 878 1091 neutiquam
910 1048 1135 1090 evulgandum
1166 1062 1236 1082 esse

100 1113 186 1144 illud
212 1112 344 1153 dogma,
370 1111 463 1155 quod
488 1111 724 1142 damnatorum
741 1108 899 1141 terminat
915 1121 1052 1152 poenas,
1076 1123 1119 1142 ne
1145 1120 1238 1143 metu

101 1173 261 1217 supplicii
299 1171 427 1205 aeterni
457 1172 588 1211 ablato,
623 1170 725 1212 magis
757 1183 828 1202 sese
859 1169 996 1203 licentia
1027 1181 1238 1215 prorumpat.

102 1235 250 1267 Demuin
275 1234 331 1277 sic!
348 1233 480 1266 definit:
508 1233 573 1265 »Et
595 1231 682 1264 sicut
706 1231 846 1271 diaboli,
871 1241 904 1263 et
928 1231 1081 1264 omnium
1103 1243 1241 1274 negato-

104 1309 180 1328 rum
221 1306 322 1340 atque
365 1295 569 1339 impiorum,
614 1293 672 1338 qui
709 1293 865 1325 dixerunt
907 1293 942 1325 in
981 1294 1085 1326 corde
1124 1309 1236 1328 suoza

106 1358 274 1400 »»Non')
307 1366 357 1389 est
389 1357 549 1388 Deus:««
587 1355 781 1387 »credimus
810 1363 945 1386 aeterna
976 1363 1164 1399 tormenta3
1192 1358 1240 1391 sic

105 1428 322 1463 peccatorum
357 1426 457 1462 atque
493 1416 698 1461 impiorum,
740 1424 774 1448 et
811 1424 924 1448 tamen
960 1416 1240 1459 Christianorum,

106 1493 252 1525 quorum
285 1492 389 1524 opera
421 1479 455 1511 in
487 1478 562 1520 igne
593 1478 769 1523 probanda
803 1486 882 1510 sunt
920 1486 1021 1522 atque
1058 1482 1241 1524 purganda,

105 1544 316 1576 moderatam
348 1541 550 1574 arbitramur
584 1549 618 1573 et
648 1540 780 1572 mistam
814 1539 1013 1573 clementiae
1042 1543 1243 1576 sententiam

104 1605 262 1650 judicis.«
310 1604 403 1636 Haec
428 1616 503 1635 cum
530 1601 791 1636 Commentariis
805 1614 942 1646 quoque
965 1601 1033 1635 suis
1056 1603 1092 1637 in
1117 1604 1243 1649 episto-

106 1668 174 1700 lam
199 1667 241 1700 ad
273 1666 438 1709 Ephesios
468 1665 703 1708 adspersisset,
737 1663 959 1707 reprehensus
988 1674 1038 1697 est
1069 1679 1087 1698 a
1117 1667 1242 1699 Rufino

108 1731 235 1762 Invect.
262 1728 291 1762 1.
318 1737 351 1759 et
374 1726 418 1766 2.,
442 1725 539 1770 hujus
565 1725 644 1756 licet
667 1724 946 1768 reprehensiones
970 1726 1118 1760 devitare
1144 1741 1245 1760 cone-

109 1800 164 1822 tur
194 1790 421 1834 Hieronymus
459 1787 534 1819 libr.
560 1786 590 1820 1.
625 1786 774 1830 Apolog.
804 1786 932 1819 advers.
970 1786 1082 1823 Rufin,
1116 1801 1186 1832 cap.
1212 1788 1243 1822 G,

111 1852 213 1883 Libro
241 1864 320 1882 vero
347 1849 496 1895 ejusdem
526 1848 714 1892 Apologiae
740 1848 900 1887 secundo,
926 1859 997 1891 cap.
1017 1847 1058 1886 1.,
1082 1848 1163 1880 haee
1188 1849 1246 1881 ha·-

111 1915 186 1946 bet:
215 1911 338 1956 »Quod
363 1920 474 1944 autem
500 1909 741 1954 impi-ecar152)
768 1908 948 1948 fratribus,
971 1909 1036 1941 hoc
1061 1919 1110 1941 est
1135 1910 1246 1942 crimi-

112 1974 286 2007 natoribus
312 1973 389 2012 tuis,
414 1981 567 2005 aeternos
592 1972 683 2013 ignes
709 1984 784 2003 cum
811 1971 969 2010 diabolo,
993 1984 1062 2003 uon
1088 1981 1155 2004 tam
1180 1973 1246 2005 sra-

114 2046 180 2069 tres
205 2035 287 2068 mihi
312 2033 434 2067 videris
458 2046 622 2078 premere,
648 2046 746 2077 quam
765 2033 942 2065 diabolum
958 2034 1144 2074 sublevare,
1169 2048 1247 2067 enm

115 2098 245 2136 iisdem,
271 2096 391 2141 quibus
416 2096 570 2128 homines
595 2094 784 2136 Christiani,
810 2095 939 2137 ignibus
954 2095 1143 2141 puniendus
1158 2097 1243 2129 siu«

214 2232 244 2275 ¹)
269 2231 389 2263 maim.
415 2230 503 2269 Lm,
531 2231 562 2264 1.
590 2231 692 2274 (Lu.)

211 2288 246 2331 ²)
272 2287 357 2319 Echi.
384 2286 517 2320 Huetii:
543 2287 738 2331 imprecans.
