1403 2492
177 81 250 118 250
513 80 629 115 Pam
654 80 827 115 Daunius
850 80 985 116 Humi

178 172 326 206 animum
352 171 531 204 virtutibus
556 181 704 204 exornat.
755 172 875 205 „Hunc
906 184 983 204 sane
1014 170 1230 210 homine-na,-
1263 169 1313 202 in-

177 234 251 279 quit
276 232 406 266 Homil.
433 233 459 266 I.
484 232 518 265 in
543 232 666 266 Genes.
690 245 782 266 num.
810 232 860 267 13.
901 245 1027 277 »quem
1059 231 1144 265 dicit
1166 231 1208 264 ad
1232 230 1314 264 ima-

177 296 288 338 ginem
317 295 385 327 Dei
418 296 563 335 factum,
595 308 664 328 non
697 294 916 336 intelligimus
955 293 1181 339 corporalem.
1236 293 1314 327 Non

177 357 268 390 enim
293 355 447 400 corporis
472 357 668 399 figmentum
692 355 760 389 Dei
792 355 971 397 imaginem
1003 355 1174 395 continet.
1205 365 1315 398 neque

176 418 284 450 factus
317 430 387 450 esse
404 419 435 463 ⁸)
469 418 655 464 corporalis
679 417 785 450 homo
809 417 944 457 dicitur,
967 417 1026 450 sed
1054 417 1249 462 plasmatus,
1270 414 1315 447 si-

176 489 234 512 cut
257 479 291 512 in
322 480 605 525 consequentibus
634 479 798 524 scriptum
823 488 883 513 est.
933 479 990 512 Ait
1022 479 1156 512 enim:«
1196 477 1315 511 »upla-

178 541 300 574 smavit
313 541 347 586 2)
371 541 466 575 Deus
483 542 723 575 liominemum
755 541 809 574 »id
834 550 895 581 est,
918 540 1082 574 {inxit'de
1098 550 1206 573 terrae
1221 539 1314 572 limo.

178 604 212 636 ls
236 613 360 644 autem,
386 603 442 648 qui
467 605 508 637 ad
534 603 714 646 imaginem
738 603 806 636 Dei
829 603 939 636 factus
964 611 1031 642 est,
1055 603 1134 647 et³)
1158 602 1199 635 ad
1223 600 1315 634 simi-

175 665 370 705 litudinem,
394 665 538 698 interior
563 666 666 698 homo
690 675 824 705 noster,
856 674 905 698 est
939 664 1116 697 invisibilis
1148 674 1181 697 et
1204 664 1315 697 incor-

173 727 313 773 poralis,
339 737 373 760 et
395 727 613 772 incorruptus
638 736 739 773 atque
764 726 977 759 immortalis.
1026 727 1060 758 ln
1080 726 1129 759 his
1153 725 1242 758 enim
1266 733 1316 758 ta-

173 790 264 822 libus
286 789 354 822 Dei
387 789 497 832 imago
529 791 653 823 rectius
682 788 894 831 intelligitur.
949 787 986 821 Si
1021 787 1079 832 qui
1111 800 1192 820 vero
1227 787 1316 819 hunc

174 864 380 897 corporeum
405 861 525 896 putent
553 865 634 892 esse,
659 852 718 896 qui
742 852 782 883 ad
809 850 988 892 imaginem
1007 859 1041 882 et
1058 849 1314 883 similitudinem

173 913 244 946 Dei
268 915 376 946 sactus
402 922 462 952 est,
487 914 601 946 Deum
625 913 736 958 ipsum
764 925 981 957 corporeum,
1007 913 1218 945 othum-mae
1244 912 1314 944 sor-

173 988 249 1008 mae
273 975 432 1008 videmur
455 974 635 1014 inducere,
667 975 762 1019 quod
787 974 910 1007 sentire
947 974 988 1006 de
1012 974 1090 1006 Deo
1116 972 1314 1006 manifestis-

172 1037 257 1070 sime
281 1037 424 1082 impium
450 1046 529 1070 cst.«
580 1038 664 1070 Mox
686 1037 867 1079 imaginem
891 1036 976 1075 Dei,
999 1038 1039 1070 ad
1065 1049 1164 1081 quam
1189 1035 1315 1067 sorma-

174 1109 228 1132 1us
253 1108 301 1131 est
321 1099 438 1141 homo,
469 1098 578 1142 ipsum
599 1111 667 1131 esse
685 1099 800 1132 asserit
813 1098 997 1141 Clu-istum,
1025 1107 1188 1142 quatenus
1209 1096 1313 1138 ligura

175 1170 225 1193 est
248 1160 453 1193 substantiae
479 1160 558 1201 Dei,
582 1173 651 1193 non
675 1169 842 1205 quatenus
867 1171 1013 1203 corpore
1037 1171 1055 1190 a
1070 1158 1176 1191 Maria
1200 1167 1312 1191 sumto

175 1223 322 1255 indutus.
374 1223 448 1254 »Ad
472 1221 569 1267 liujus
592 1235 683 1264 ergo,
707 1221 834 1266 inquit,
869 1220 1022 1263 imaginis
1054 1219 1313 1253 similitudinem

176 1285 281 1317 homo
308 1285 414 1319 sactus
441 1293 522 1324 ests
545 1293 578 1316 et
611 1293 791 1329 propterea
823 1283 980 1317 Salvator
1010 1291 1144 1322 noster,
1176 1281 1233 1326 qui
1264 1290 1314 1314 est

173 1347 284 1388 imago
310 1346 388 1387 Dei,
412 1345 646 1378 misericordia
671 1355 786 1378 motus
810 1359 873 1390 pro
900 1344 1056 1384 homine,
1093 1343 1149 1388 qui
1174 1344 1216 1375 ad
1242 1342 1313 1389 ejus

174 1408 432 1441 similitudinem
459 1410 567 1440 sactus
592 1409 712 1447 suerat,
738 1407 854 1440 videns
880 1420 957 1439 eum
983 1405 1137 1450 deposita
1159 1405 1314 1438 suaima-

173 1471 250 1513 gine
274 1470 411 1511 maligni
436 1470 615 1511 imaginem
648 1469 837 1511 induxisse,
874 1470 947 1513 ipse
978 1478 1091 1500 mutus
1123 1467 1314 1499 miscricor-

175 1533 240 1572 dia,
265 1532 408 1573 imagine
435 1531 580 1563 hominis
605 1540 768 1570 assumta,
811 1531 902 1563 veuit
926 1532 967 1563 ad
994 1543 1102 1562 enm.«
1153 1529 1313 1562 Ostendit

175 1595 334 1638 deinceps
357 1594 530 1637 peccando
545 1592 672 1625 similes
695 1606 756 1624 nos
774 1592 863 1624 effici
879 1591 1037 1632 diab0l0;
1062 1600 1153 1623 reete
1171 1591 1313 1634 agendo,

175 1657 330 1690 Christo:
359 1656 446 1688 »Sed
472 1668 592 1694 nemo,
629 1655 757 1699 inquit,
790 1654 946 1699 desperet
979 1653 1094 1686 videus
1117 1653 1313 1685 similitudi-

174 1732 251 1752 nem
276 1731 369 1750 suain
393 1716 496 1758 magis
521 1729 590 1749 esse
611 1729 687 1748 cum
703 1716 854 1755 diabolo,
879 1729 978 1760 quam
1005 1729 1080 1748 cum
1098 1715 1187 1755 Deo,
1211 1728 1310 1759 posse

174 1795 209 1814 se
240 1781 362 1813 iterum
395 1793 594 1824 recuperare
628 1780 772 1811 sormam
791 1778 960 1819 ‘imaginis
983 1777 1063 1817 Dei,
1089 1776 1165 1822 quia
1193 1779 1308 1819 non4)

174 1843 267 1875 venit
292 1844 448 1876 Salvator
473 1836 593 1873 vocare
619 1840 735 1886 justos,
771 1841 829 1873 scd
854 1849 1048 1884 peccatores
1074 1839 1109 1871 in
1133 1838 1311 1883 poeniten-

173 1905 286 1937 tiam.«
337 1905 496 1948 'somo⁵)
530 1916 667 1948 quoque
698 1902 776 1935 XX.
809 1902 842 1934 in
867 1902 989 1934 Joann.
1021 1914 1116 1933 nuni.
1141 1901 1194 1936 20.
1243 1901 1311 1934 Dei

273 2063 303 2106 ¹)
330 2062 417 2094 Edd.
444 2061 577 2094 lluetii:
605 2060 714 2092 eliam.
811 2060 845 2103 ²)
871 2058 992 2092 Genes.
1022 2058 1066 2099 ll,
1092 2058 1121 2091 7.

267 2120 302 2162 ³)
327 2119 459 2150 Desunt
484 2119 515 2150 in
542 2118 617 2151 cdd.
644 2117 685 2149 ll.
713 2116 833 2149 verba:
867 2124 921 2148 »et
952 2115 993 2148 ad
1018 2114 1304 2147 similitudinum«

268 2176 302 2216 ⁴)
330 2174 398 2206 Csr.
426 2176 504 2205 Luc.
532 2175 570 2212 V,
596 2174 648 2208 3'..)

270 2231 300 2271 ⁵)
329 2231 457 2262 Desunt
492 2230 523 2261 in
563 2239 653 2261 textu
681 2230 756 2262 ΝΜ,
783 2229 882 2261 Huet.
911 2229 1028 2260 verba:
1066 2227 1198 2260 »Toum
1224 2240 1306 2270 ‹1¹¹0-

175 2290 238 2323 que
263 2276 338 2308 XX.
366 2276 397 2308 in
425 2276 543 2308 Joann.
565 2296 614 2305 —i
642 2276 729 2308 Tum
747 2274 899 2319 subjicit:
926 2278 996 2308 Aa}
1016 2271 1119 2317 ἡμῶν
1145 2293 1184 2299 --
1211 2274 1306 2306 ἀπυ-
