1403 2492
171 93 238 128 346
643 93 836 128 Excunsus

168 182 343 216 miraculis
384 196 402 216 a
434 182 571 216 Christo
612 183 712 217 editis
753 185 942 218 concedere
980 186 1148 220 declarat:
1198 186 1314 220 »Hane

171 245 305 286 etiam,«
349 246 475 291 inquit,
514 246 699 292 »majorem
726 248 949 292 pronuntiare
981 261 1177 293 possumus,
1213 261 1314 294 quam

160 308 263 352 ‘quod
288 309 323 340 in
349 308 440 341 Cana
464 308 637 342 Galilaeae
662 309 706 342 sit
730 323 815 354 aqua
839 310 873 343 in
898 311 1012 343 vinum
1037 320 1185 344 mutata:
1215 310 1316 344 nimi—

167 382 244 401 rum
271 370 364 414 quod
396 370 469 403 illic
500 370 684 404 inanimem
709 372 884 405 materiam
910 373 1108 414 mutaverit,
1142 374 1207 406 hoc
1231 386 1314 406 vero

167 431 202 463 in
227 431 306 464 loco
333 441 385 464 tot
408 432 599 479 myriadum
624 434 768 476 ingenia,
791 435 1158 482 praestantissimasque
1184 435 1315 468 animae

167 502 281 538 partes
304 493 521 540 subjugarit.«
570 496 722 529 Eandem
756 498 858 530 alfert
891 503 1061 538 causam?
1083 511 1144 531 cur
1167 497 1315 531 Galilaei

169 556 342 589 Christum
380 558 589 603 receperint,
627 571 704 591 cum
731 559 844 592 omnia
880 559 1061 600 vidissent,
1096 569 1134 593 ut
1172 569 1315 593 testatur

166 619 316 652 Joannes
343 621 399 660 lV,
425 621 491 660 45„
517 633 601 665 quae
627 621 762 654 fecisset
785 621 882 655 Jesus
908 622 1158 669 Hierosolymis
1188 625 1225 656 in
1258 622 1313 655 die

165 682 265 714 sesto.
317 682 432 726 »Quid
459 697 537 726 ergo
563 683 597 716 in
630 683 681 716 his
711 683 796 716 tanti
821 693 914 723 est,«
950 684 1061 730 inquit
1089 686 1190 718 Tom.
1216 685 1314 718 Xlll.

165 743 201 775 in
224 744 346 778 Joaun.
372 758 464 779 num.
491 747 563 786 55.,
598 755 658 778 »ut
681 745 805 778 horum
827 745 931 786 gratia
955 747 1042 779 moti
1067 747 1213 781 Galil-aei
1238 747 1313 780 Do-

165 806 297 839 minum
328 808 538 853 reciperent,
579 821 682 853 quos,
718 807 796 852 quia
828 807 915 840 hunc
947 808 1131 853 recipiant,
1171 819 1314 842 testatur

164 869 379 912 Evangelista
403 871 680 917 Hierosolymam
714 884 790 903 cum
826 870 1008 916 venissent,
1043 871 1165 904 vidisse
1198 872 1313 904 omnia

165 945 251 976 quae
277 932 348 965 illic
374 934 472 965 Jesus
498 932 650 967 fecerat?
682 933 732 965 Ad
761 933 853 977 quod
879 935 1156 978 respondendum
1183 944 1250 967 est:
1282 934 1310 967 si

163 1007 333 1027 memores
357 1009 472 1028 sumus
498 1008 628 1035 eorum,
654 1008 738 1039 quae
756 995 900 1027 diximus
916 995 949 1028 iu
967 995 1054 1028 hunc
1073 996 1199 1035 locum,
1225 1009 1310 1041 quae

164 1057 383 1089 declarabant
407 1071 476 1090 non
501 1057 671 1089 minorem
695 1057 884 1101 potentiam
909 1058 1100 1090 Servatoris
1115 1059 1309 1103 apparuisse

162 1117 198 1150 in
223 1118 398 1163 ejiciendis
424 1119 509 1160 illis,
536 1132 635 1164 quam
662 1132 739 1151 cum
765 1120 990 1163 operabatur,
1021 1128 1060 1151 ut
1084 1119 1175 1152 caeci
1202 1120 1310 1154 visum

161 1181 370 1226 reciperent,
404 1181 497 1214 surdi
519 1182 693 1221 audirent,
726 1181 838 1214 claudi
873 1181 1103 1222 ambularent,
1135 1181 1310 1215 Galil-‘teos

161 1245 327 1283 fortasse,
353 1258 430 1277 cum
462 1244 624 1277 vidissent
649 1245 742 1289 quod
764 1257 936 1289 nunquam
960 1244 1025 1277 rati
1048 1244 1209 1284 fuissem,
1232 1258 1310 1290 per·

163 1307 277 1340 culsos
303 1307 480 1340 divinitate
504 1307 605 1346 Jesu,
648 1306 760 1351 ipsum
792 1307 825 1339 in
851 1307 1039 1340 Galilaeam
1069 1307 1308 1340 adventantem

161 1369 343 1414 excepisse,
368 1369 530 1403 nimirum
555 1382 632 1402 cum
659 1369 773 1402 onmia
799 1370 972 1410 vidissent,
996 1383 1082 1415 quae
1108 1369 1309 1415 Hierosoly-

159 1430 224 1463 mis
248 1430 392 1467 fecisset,

250 1493 294 1526 X.
343 1493 400 1527 Sic
431 1493 606 1538 explorata
647 1503 718 1526 erat
751 1493 892 1535 Origeni
928 1493 1148 1538 omnipotens
1179 1493 1306 1528 Christi

158 1556 326 1595 voluntas,
353 1555 493 1601 ejusque
517 1555 682 1589 mirabilis
707 1556 862 1595 effectus,
885 1565 932 1595 ut,
956 1545 1182 1600 quidquid.in
1206 1555 1305 1588 nobis

159 1627 322 1662 operatur
354 1618 526 1658 Christus,
562 1617 598 1650 id
633 1617 738 1651 creari
769 1617 804 1650 in
835 1617 935 1650 nohis
967 1617 1182 1650 existimaret.
1244 1618 1303 1652 Sic

159 1680 218 1714 lib.
244 1682 302 1714 VI.
329 1690 446 1713 contra
473 1679 560 1713 Cels.
585 1692 677 1713 num.
703 1679 756 1714 67.
783 1680 948 1720 hortatur,
972 1689 1011 1712 ut
1034 1679 1092 1724 qui
1108 1689 1222 1712 mente
1248 1693 1303 1712 ex-

158 1743 284 1776 caecati
308 1753 395 1784 sunt,
420 1743 583 1776 accedant
601 1743 643 1775 ad
666 1742 800 1781 Jesum‘,
833 1752 872 1774 ut
901 1743 943 1774 ab
976 1755 1016 1774 eo
1051 1754 1160 1774 novos
1185 1751 1220 1774 et
1241 1743 1304 1774 bo·

157 1819 219 1838 nos
244 1806 364 1838 oculos
388 1798 576 1850 accipiant,
610 1805 725 1849 quales
755 1817 773 1836 a
803 1805 918 1837 Verbo
944 1805 1022 1836 Deo
1056 1804 1161 1837 creari
1191 1804 1302 1837 decet.

158 1867 253 1911 Quin
278 1868 380 1900 etiam
404 1880 601 1912 persuasum
628 1867 678 1899 illi
704 1876 792 1906 erat,
823 1866 884 1899 hac
910 1865 1037 1898 Christi
1062 1865 1165 1908 gratia
1190 1866 1300 1899 homi—

156 1944 234 1963 nem
260 1930 395 1975 penitus
419 1929 554 1971 refingi,
591 1939 624 1962 et
649 1929 907 1974 quodammodo
931 1929 1056 1961 iterum
1083 1929 1198 1960 creari.
1243 1928 1300 1962 Ci-

155 2002 227 2025 tans
252 1992 381 2024 Homil.
410 1993 462 2025 lv.
494 1992 529 2024 in
553 1992 679 2025 Jerem.
710 2005 801 2024 num.
827 1993 858 2026 5.
891 1991 973 2023 haec
1003 1990 1144 2023 Joannis
1178 1992 1298 2024 verba:

157 2055 292 2098 »›‚Quia
310 2055 339 2098 ¹)
368 2063 489 2098 potens
515 2064 563 2087 est
587 2054 758 2087 Dominus
783 2068 822 2086 ex
848 2054 1018 2098 lapidibus
1044 2052 1114 2086 istis
1138 2053 1299 2086 suscitare

155 2118 246 2150 {ilios
279 2117 500 2150 Abrahaem«
527 2117 591 2150 ait:
626 2116 797 2162 »Lapides
822 2130 885 2149 uos
910 2129 980 2149 esse
1005 2115 1190 2158 significat,
1221 2115 1298 2160 quia

155 2181 195 2212 ad
221 2179 479 2213 similitudinem
503 2178 656 2224 lapidum
682 2180 888 2212 obdurantes
913 2179 1015 2212 corda
1046 2188 1162 2220 uestra
1184 2177 1297 2211 renui-

252 2294 282 2337 ¹)
309 2294 388 2329 Luc.
417 2292 476 2332 ιιι,
499 2292 530 2327 8.

271 2412 285 2421 o
