<?xml version="1.0" encoding="UTF-8"?>
<!DOCTYPE html PUBLIC "-//W3C//DTD XHTML 1.0 Transitional//EN"
    "http://www.w3.org/TR/xhtml1/DTD/xhtml1-transitional.dtd">
<html xmlns="http://www.w3.org/1999/xhtml" xml:lang="en" lang="en">
 <head>
  <title>
</title>
<meta http-equiv="Content-Type" content="text/html;charset=utf-8" />
  <meta name='ocr-system' content='tesseract 3.04.00' />
  <meta name='ocr-capabilities' content='ocr_page ocr_carea ocr_par ocr_line ocrx_word'/>
</head>
<body>
  <div class='ocr_page' id='page_1' title='image "./operaomniaquaegr23orig/operaomniaquaegr23orig_0172.png"; bbox 0 0 1403 2492; ppageno 0'>
   <div class='ocr_carea' id='block_1_1' title="bbox 163 81 969 118">
    <p class='ocr_par' dir='ltr' id='par_1_1' title="bbox 163 81 969 118">
     <span class='ocr_line' id='line_1_1' title="bbox 163 81 969 118; baseline -0.002 -1"><span class='ocrx_word' id='word_1_1' title='bbox 163 81 230 118; x_wconf 71' lang='lat'><strong>158</strong></span> <span class='ocrx_word' id='word_1_2' title='bbox 497 82 607 115; x_wconf 66' lang='lat' dir='ltr'><strong>Pam</strong></span> <span class='ocrx_word' id='word_1_3' title='bbox 638 81 812 115; x_wconf 70' lang='lat' dir='ltr'><strong>Dmuzus</strong></span> <span class='ocrx_word' id='word_1_4' title='bbox 836 81 969 115; x_wconf 69' lang='lat' dir='ltr'><strong>Huss‘rn</strong></span> 
     </span>
    </p>
   </div>
   <div class='ocr_carea' id='block_1_2' title="bbox 154 171 1304 1956">
    <p class='ocr_par' dir='ltr' id='par_1_2' title="bbox 154 171 1304 1461">
     <span class='ocr_line' id='line_1_2' title="bbox 163 171 1303 216; baseline 0.001 -10"><span class='ocrx_word' id='word_1_5' title='bbox 163 185 200 206; x_wconf 85' lang='lat' dir='ltr'><strong>ex</strong></span> <span class='ocrx_word' id='word_1_6' title='bbox 225 172 292 206; x_wconf 87' lang='lat' dir='ltr'><strong>illis</strong></span> <span class='ocrx_word' id='word_1_7' title='bbox 317 172 401 205; x_wconf 88' lang='lat' dir='ltr'><strong>locis</strong></span> <span class='ocrx_word' id='word_1_8' title='bbox 426 172 521 205; x_wconf 88' lang='lat' dir='ltr'><strong>velut</strong></span> <span class='ocrx_word' id='word_1_9' title='bbox 544 171 636 212; x_wconf 89' lang='lat' dir='ltr'><strong>illic,</strong></span> <span class='ocrx_word' id='word_1_10' title='bbox 669 173 696 204; x_wconf 89' lang='lat' dir='ltr'><strong>si</strong></span> <span class='ocrx_word' id='word_1_11' title='bbox 721 171 789 204; x_wconf 86' lang='lat' dir='ltr'><strong>dici</strong></span> <span class='ocrx_word' id='word_1_12' title='bbox 813 180 945 216; x_wconf 87' lang='lat' dir='ltr'><strong>potest,</strong></span> <span class='ocrx_word' id='word_1_13' title='bbox 975 171 1178 212; x_wconf 70' lang='lat' dir='ltr'><strong>morientes,</strong></span> <span class='ocrx_word' id='word_1_14' title='bbox 1207 185 1226 206; x_wconf 83' lang='lat' dir='ltr'><strong>a</strong></span> <span class='ocrx_word' id='word_1_15' title='bbox 1249 186 1303 207; x_wconf 76' lang='lat' dir='ltr'><strong>su-</strong></span> 
     </span>
     <span class='ocr_line' id='line_1_3' title="bbox 161 233 1302 280; baseline 0.001 -12"><span class='ocrx_word' id='word_1_16' title='bbox 161 235 251 280; x_wconf 91' lang='lat' dir='ltr'><strong>peris</strong></span> <span class='ocrx_word' id='word_1_17' title='bbox 274 235 355 278; x_wconf 83' lang='lat' dir='ltr'><strong>in&#39;)</strong></span> <span class='ocrx_word' id='word_1_18' title='bbox 387 234 475 267; x_wconf 84' lang='lat' dir='ltr'><strong>hunc</strong></span> <span class='ocrx_word' id='word_1_19' title='bbox 507 234 658 267; x_wconf 84' lang='lat' dir='ltr'><strong>Inferum</strong></span> <span class='ocrx_word' id='word_1_20' title='bbox 691 234 910 266; x_wconf 82' lang='lat' dir='ltr'><strong>descendunt.</strong></span> <span class='ocrx_word' id='word_1_21' title='bbox 960 234 1045 267; x_wconf 66' lang='lat' dir='ltr'><strong>Nam</strong></span> <span class='ocrx_word' id='word_1_22' title='bbox 1077 233 1136 267; x_wconf 90' lang='lat' dir='ltr'><strong>ille</strong></span> <span class='ocrx_word' id='word_1_23' title='bbox 1161 235 1302 275; x_wconf 79' lang='lat' dir='ltr'><strong>Inferus,</strong></span> 
     </span>
     <span class='ocr_line' id='line_1_4' title="bbox 160 295 1303 342; baseline 0.001 -12"><span class='ocrx_word' id='word_1_24' title='bbox 160 298 202 330; x_wconf 85' lang='lat' dir='ltr'><strong>ad</strong></span> <span class='ocrx_word' id='word_1_25' title='bbox 235 309 337 342; x_wconf 89' lang='lat' dir='ltr'><strong>quem</strong></span> <span class='ocrx_word' id='word_1_26' title='bbox 369 296 448 329; x_wconf 87' lang='lat' dir='ltr'><strong>hinc</strong></span> <span class='ocrx_word' id='word_1_27' title='bbox 476 296 697 329; x_wconf 86' lang='lat' dir='ltr'><strong>morientium</strong></span> <span class='ocrx_word' id='word_1_28' title='bbox 730 296 862 328; x_wconf 86' lang='lat' dir='ltr'><strong>animae</strong></span> <span class='ocrx_word' id='word_1_29' title='bbox 894 295 1071 336; x_wconf 88' lang='lat' dir='ltr'><strong>dicuntur,</strong></span> <span class='ocrx_word' id='word_1_30' title='bbox 1104 297 1230 337; x_wconf 83' lang='lat' dir='ltr'><strong>credo,</strong></span> <span class='ocrx_word' id='word_1_31' title='bbox 1255 299 1303 331; x_wconf 91' lang='lat' dir='ltr'><strong>ob</strong></span> 
     </span>
     <span class='ocr_line' id='line_1_5' title="bbox 162 357 1303 402; baseline 0 -10"><span class='ocrx_word' id='word_1_32' title='bbox 162 360 246 392; x_wconf 81' lang='lat' dir='ltr'><strong>hanc</strong></span> <span class='ocrx_word' id='word_1_33' title='bbox 272 358 524 392; x_wconf 79' lang='lat' dir='ltr'><strong>distinctionem</strong></span> <span class='ocrx_word' id='word_1_34' title='bbox 551 359 706 391; x_wconf 83' lang='lat' dir='ltr'><strong>lnsernus</strong></span> <span class='ocrx_word' id='word_1_35' title='bbox 735 357 878 390; x_wconf 82' lang='lat' dir='ltr'><strong>inl&#39;erior</strong></span> <span class='ocrx_word' id='word_1_36' title='bbox 908 371 925 390; x_wconf 88' lang='lat' dir='ltr'><strong>a</strong></span> <span class='ocrx_word' id='word_1_37' title='bbox 950 358 1127 402; x_wconf 78' lang='lat' dir='ltr'>Scriptura</span> <span class='ocrx_word' id='word_1_38' title='bbox 1149 358 1303 392; x_wconf 84' lang='lat' dir='ltr'><strong>nomina-</strong></span> 
     </span>
     <span class='ocr_line' id='line_1_6' title="bbox 163 419 1304 464; baseline 0.001 -11"><span class='ocrx_word' id='word_1_39' title='bbox 163 430 220 453; x_wconf 88' lang='lat' dir='ltr'><strong>tur</strong></span> <span class='ocrx_word' id='word_1_40' title='bbox 249 421 283 453; x_wconf 87' lang='lat' dir='ltr'><strong>in</strong></span> <span class='ocrx_word' id='word_1_41' title='bbox 314 421 502 454; x_wconf 74' lang='lat' dir='ltr'><strong>Psalmis2«</strong></span> <span class='ocrx_word' id='word_1_42' title='bbox 539 420 727 464; x_wconf 80' lang='lat' dir='ltr'><strong>»»Quia²)</strong></span> <span class='ocrx_word' id='word_1_43' title='bbox 762 419 913 452; x_wconf 77' lang='lat' dir='ltr'>liberasti</span> <span class='ocrx_word' id='word_1_44' title='bbox 945 420 1090 453; x_wconf 82' lang='lat' dir='ltr'><strong>animam</strong></span> <span class='ocrx_word' id='word_1_45' title='bbox 1123 434 1235 454; x_wconf 83' lang='lat' dir='ltr'><strong>meam</strong></span> <span class='ocrx_word' id='word_1_46' title='bbox 1264 435 1304 454; x_wconf 72' lang='lat' dir='ltr'><strong>ex</strong></span> 
     </span>
     <span class='ocr_line' id='line_1_7' title="bbox 165 481 1304 528; baseline 0.002 -14"><span class='ocrx_word' id='word_1_47' title='bbox 165 483 301 516; x_wconf 79' lang='lat' dir='ltr'><strong>lnscruo</strong></span> <span class='ocrx_word' id='word_1_48' title='bbox 329 483 536 516; x_wconf 79' lang='lat' dir='ltr'><strong>inferiori.««</strong></span> <span class='ocrx_word' id='word_1_49' title='bbox 589 484 686 527; x_wconf 79' lang='lat' dir='ltr'><strong>Quae</strong></span> <span class='ocrx_word' id='word_1_50' title='bbox 711 482 752 514; x_wconf 84' lang='lat' dir='ltr'><strong>ab</strong></span> <span class='ocrx_word' id='word_1_51' title='bbox 778 481 990 528; x_wconf 74' lang='lat' dir='ltr'>Hieronymo</span> <span class='ocrx_word' id='word_1_52' title='bbox 1015 495 1152 527; x_wconf 85' lang='lat' dir='ltr'><strong>quoque</strong></span> <span class='ocrx_word' id='word_1_53' title='bbox 1177 482 1304 527; x_wconf 80' lang='lat' dir='ltr'><strong>episto-</strong></span> 
     </span>
     <span class='ocr_line' id='line_1_8' title="bbox 164 543 1301 589; baseline 0 -12"><span class='ocrx_word' id='word_1_54' title='bbox 164 546 214 577; x_wconf 82' lang='lat' dir='ltr'><strong>lae</strong></span> <span class='ocrx_word' id='word_1_55' title='bbox 239 544 293 580; x_wconf 84' lang='grc'><strong>59.</strong></span> <span class='ocrx_word' id='word_1_56' title='bbox 318 546 360 578; x_wconf 77' lang='lat' dir='ltr'><strong>ad</strong></span> <span class='ocrx_word' id='word_1_57' title='bbox 386 545 536 585; x_wconf 82' lang='lat' dir='ltr'><strong>Avitum,</strong></span> <span class='ocrx_word' id='word_1_58' title='bbox 562 559 632 589; x_wconf 85' lang='lat' dir='ltr'><strong>cap.</strong></span> <span class='ocrx_word' id='word_1_59' title='bbox 657 546 689 579; x_wconf 77' lang='grc'><strong>4.</strong></span> <span class='ocrx_word' id='word_1_60' title='bbox 716 545 839 577; x_wconf 77' lang='lat' dir='ltr'><strong>inserta</strong></span> <span class='ocrx_word' id='word_1_61' title='bbox 864 554 951 578; x_wconf 86' lang='lat' dir='ltr'><strong>sunt.</strong></span> <span class='ocrx_word' id='word_1_62' title='bbox 989 543 1164 588; x_wconf 72' lang='lat' dir='ltr'><strong>Quoniam</strong></span> <span class='ocrx_word' id='word_1_63' title='bbox 1189 554 1301 578; x_wconf 88' lang='lat' dir='ltr'><strong>autem</strong></span> 
     </span>
     <span class='ocr_line' id='line_1_9' title="bbox 161 607 1304 652; baseline 0 -12"><span class='ocrx_word' id='word_1_64' title='bbox 161 608 336 640; x_wconf 88' lang='lat' dir='ltr'><strong>lnsernum</strong></span> <span class='ocrx_word' id='word_1_65' title='bbox 357 608 508 641; x_wconf 84' lang='lat' dir='ltr'><strong>Christus</strong></span> <span class='ocrx_word' id='word_1_66' title='bbox 532 609 687 640; x_wconf 81' lang='lat' dir='ltr'><strong>tenebras</strong></span> <span class='ocrx_word' id='word_1_67' title='bbox 712 608 894 639; x_wconf 70' lang='lat' dir='ltr'><strong>exteriores</strong></span> <span class='ocrx_word' id='word_1_68' title='bbox 919 619 1163 650; x_wconf 87' lang='lat' dir='ltr'><strong>nonnunquam</strong></span> <span class='ocrx_word' id='word_1_69' title='bbox 1185 607 1304 652; x_wconf 88' lang='lat' dir='ltr'><strong>appel-</strong></span> 
     </span>
     <span class='ocr_line' id='line_1_10' title="bbox 154 668 1304 712; baseline 0.001 -11"><span class='ocrx_word' id='word_1_70' title='bbox 154 670 223 709; x_wconf 85' lang='lat' dir='ltr'><strong>lat,</strong></span> <span class='ocrx_word' id='word_1_71' title='bbox 254 669 334 702; x_wconf 82' lang='lat' dir='ltr'><strong>inde</strong></span> <span class='ocrx_word' id='word_1_72' title='bbox 359 669 414 709; x_wconf 79' lang='lat' dir='ltr'><strong>fit,</strong></span> <span class='ocrx_word' id='word_1_73' title='bbox 450 679 488 702; x_wconf 90' lang='lat' dir='ltr'><strong>ut</strong></span> <span class='ocrx_word' id='word_1_74' title='bbox 520 683 573 701; x_wconf 84' lang='lat' dir='ltr'><strong>cas</strong></span> <span class='ocrx_word' id='word_1_75' title='bbox 598 668 688 702; x_wconf 80' lang='lat' dir='ltr'><strong>extra</strong></span> <span class='ocrx_word' id='word_1_76' title='bbox 722 670 887 701; x_wconf 89' lang='lat' dir='ltr'><strong>mundum</strong></span> <span class='ocrx_word' id='word_1_77' title='bbox 921 668 1140 701; x_wconf 76' lang='lat' dir='ltr'><strong>Adamantius</strong></span> <span class='ocrx_word' id='word_1_78' title='bbox 1171 669 1304 712; x_wconf 81' lang='lat' dir='ltr'><strong>ableget</strong></span> 
     </span>
     <span class='ocr_line' id='line_1_11' title="bbox 161 730 1297 774; baseline -0.003 -10"><span class='ocrx_word' id='word_1_79' title='bbox 161 732 274 766; x_wconf 78' lang='lat' dir='ltr'><strong>Tract.</strong></span> <span class='ocrx_word' id='word_1_80' title='bbox 298 731 464 764; x_wconf 78' lang='lat' dir='ltr'><strong>XXXIII.</strong></span> <span class='ocrx_word' id='word_1_81' title='bbox 489 733 522 764; x_wconf 89' lang='lat' dir='ltr'><strong>in</strong></span> <span class='ocrx_word' id='word_1_82' title='bbox 551 731 671 764; x_wconf 80' lang='lat' dir='ltr'><strong>Matth.</strong></span> <span class='ocrx_word' id='word_1_83' title='bbox 696 744 789 764; x_wconf 89' lang='lat' dir='ltr'><strong>num.</strong></span> <span class='ocrx_word' id='word_1_84' title='bbox 810 732 863 765; x_wconf 76' lang='lat'><strong>69.</strong></span> <span class='ocrx_word' id='word_1_85' title='bbox 908 730 1101 774; x_wconf 75' lang='lat' dir='ltr'><strong>»Quoniam</strong></span> <span class='ocrx_word' id='word_1_86' title='bbox 1127 731 1297 774; x_wconf 69' lang='lat' dir='ltr'><strong>legimus,-</strong></span> 
     </span>
     <span class='ocr_line' id='line_1_12' title="bbox 159 793 1302 839; baseline 0 -13"><span class='ocrx_word' id='word_1_87' title='bbox 159 794 281 839; x_wconf 69' lang='lat' dir='ltr'><strong>inquh,</strong></span> <span class='ocrx_word' id='word_1_88' title='bbox 309 795 488 838; x_wconf 73' lang='lat' dir='ltr'><strong>»aliquem,</strong></span> <span class='ocrx_word' id='word_1_89' title='bbox 515 794 571 838; x_wconf 90' lang='lat' dir='ltr'><strong>qui</strong></span> <span class='ocrx_word' id='word_1_90' title='bbox 596 793 660 826; x_wconf 85' lang='lat' dir='ltr'><strong>fuit</strong></span> <span class='ocrx_word' id='word_1_91' title='bbox 685 803 762 826; x_wconf 82' lang='lat' dir='ltr'><strong>ante</strong></span> <span class='ocrx_word' id='word_1_92' title='bbox 786 806 866 832; x_wconf 86' lang='lat' dir='ltr'><strong>nos,</strong></span> <span class='ocrx_word' id='word_1_93' title='bbox 892 803 1117 837; x_wconf 81' lang='lat' dir='ltr'><strong>exponentem</strong></span> <span class='ocrx_word' id='word_1_94' title='bbox 1142 794 1186 826; x_wconf 78' lang='lat' dir='ltr'><strong>de</strong></span> <span class='ocrx_word' id='word_1_95' title='bbox 1209 802 1302 827; x_wconf 84' lang='lat' dir='ltr'><strong>tene-</strong></span> 
     </span>
     <span class='ocr_line' id='line_1_13' title="bbox 160 856 1301 902; baseline 0 -13"><span class='ocrx_word' id='word_1_96' title='bbox 160 856 228 893; x_wconf 81' lang='lat' dir='ltr'><strong>bris</strong></span> <span class='ocrx_word' id='word_1_97' title='bbox 253 857 373 902; x_wconf 79' lang='lat' dir='ltr'>abyssi,</span> <span class='ocrx_word' id='word_1_98' title='bbox 398 866 432 888; x_wconf 87' lang='lat' dir='ltr'><strong>et</strong></span> <span class='ocrx_word' id='word_1_99' title='bbox 456 856 638 895; x_wconf 80' lang='lat' dir='ltr'><strong>dicentem,</strong></span> <span class='ocrx_word' id='word_1_100' title='bbox 663 856 823 900; x_wconf 83' lang='lat' dir='ltr'><strong>quoniam</strong></span> <span class='ocrx_word' id='word_1_101' title='bbox 849 856 984 901; x_wconf 71' lang='lat' dir='ltr'><strong>abyssus</strong></span> <span class='ocrx_word' id='word_1_102' title='bbox 1016 865 1065 888; x_wconf 84' lang='lat' dir='ltr'><strong>est</strong></span> <span class='ocrx_word' id='word_1_103' title='bbox 1088 865 1180 888; x_wconf 80' lang='lat' dir='ltr'><strong>extra</strong></span> <span class='ocrx_word' id='word_1_104' title='bbox 1206 869 1301 889; x_wconf 90' lang='lat' dir='ltr'><strong>mun-</strong></span> 
     </span>
     <span class='ocr_line' id='line_1_14' title="bbox 162 917 1301 962; baseline 0 -11"><span class='ocrx_word' id='word_1_105' title='bbox 162 920 242 952; x_wconf 87' lang='lat' dir='ltr'><strong>dum</strong></span> <span class='ocrx_word' id='word_1_106' title='bbox 268 919 371 959; x_wconf 84' lang='lat' dir='ltr'><strong>foris,</strong></span> <span class='ocrx_word' id='word_1_107' title='bbox 408 928 440 951; x_wconf 85' lang='lat' dir='ltr'><strong>et</strong></span> <span class='ocrx_word' id='word_1_108' title='bbox 473 919 644 951; x_wconf 81' lang='lat' dir='ltr'><strong>tenebrae.</strong></span> <span class='ocrx_word' id='word_1_109' title='bbox 694 918 959 951; x_wconf 80' lang='lat' dir='ltr'><strong>Consideremus</strong></span> <span class='ocrx_word' id='word_1_110' title='bbox 992 929 1091 960; x_wconf 86' lang='lat' dir='ltr'><strong>ergo,</strong></span> <span class='ocrx_word' id='word_1_111' title='bbox 1127 917 1154 950; x_wconf 88' lang='lat' dir='ltr'><strong>si</strong></span> <span class='ocrx_word' id='word_1_112' title='bbox 1187 927 1301 962; x_wconf 81' lang='lat' dir='ltr'><strong>potest</strong></span> 
     </span>
     <span class='ocr_line' id='line_1_15' title="bbox 161 979 1300 1026; baseline 0.001 -14"><span class='ocrx_word' id='word_1_113' title='bbox 161 995 237 1014; x_wconf 81' lang='lat' dir='ltr'><strong>vera</strong></span> <span class='ocrx_word' id='word_1_114' title='bbox 269 994 339 1014; x_wconf 85' lang='lat' dir='ltr'><strong>esse</strong></span> <span class='ocrx_word' id='word_1_115' title='bbox 379 981 546 1026; x_wconf 76' lang='lat' dir='ltr'><strong>expositio</strong></span> <span class='ocrx_word' id='word_1_116' title='bbox 581 980 669 1025; x_wconf 81' lang='lat' dir='ltr'><strong>ejus,</strong></span> <span class='ocrx_word' id='word_1_117' title='bbox 705 989 742 1012; x_wconf 87' lang='lat' dir='ltr'><strong>ut</strong></span> <span class='ocrx_word' id='word_1_118' title='bbox 773 980 911 1025; x_wconf 81' lang='lat' dir='ltr'><strong>quidam</strong></span> <span class='ocrx_word' id='word_1_119' title='bbox 944 979 1036 1024; x_wconf 88' lang='lat' dir='ltr'><strong>quasi</strong></span> <span class='ocrx_word' id='word_1_120' title='bbox 1067 980 1196 1022; x_wconf 85' lang='lat' dir='ltr'><strong>indigni</strong></span> <span class='ocrx_word' id='word_1_121' title='bbox 1225 990 1300 1014; x_wconf 89' lang='lat' dir='ltr'><strong>toto</strong></span> 
     </span>
     <span class='ocr_line' id='line_1_16' title="bbox 156 1041 1300 1090; baseline -0.001 -14"><span class='ocrx_word' id='word_1_122' title='bbox 156 1044 287 1076; x_wconf 86' lang='lat' dir='ltr'><strong>mundo</strong></span> <span class='ocrx_word' id='word_1_123' title='bbox 313 1043 345 1075; x_wconf 91' lang='lat' dir='ltr'><strong>in</strong></span> <span class='ocrx_word' id='word_1_124' title='bbox 371 1044 526 1090; x_wconf 66' lang='lat' dir='ltr'><strong>abyssum</strong></span> <span class='ocrx_word' id='word_1_125' title='bbox 551 1043 666 1081; x_wconf 82' lang='lat' dir='ltr'><strong>illam,</strong></span> <span class='ocrx_word' id='word_1_126' title='bbox 699 1055 799 1086; x_wconf 90' lang='lat' dir='ltr'><strong>quam</strong></span> <span class='ocrx_word' id='word_1_127' title='bbox 830 1042 891 1073; x_wconf 89' lang='lat' dir='ltr'><strong>ille</strong></span> <span class='ocrx_word' id='word_1_128' title='bbox 917 1041 1092 1086; x_wconf 74' lang='lat' dir='ltr'><strong>exposuit,</strong></span> <span class='ocrx_word' id='word_1_129' title='bbox 1125 1042 1215 1075; x_wconf 84' lang='lat' dir='ltr'><strong>foras</strong></span> <span class='ocrx_word' id='word_1_130' title='bbox 1241 1042 1300 1087; x_wconf 82' lang='lat' dir='ltr'><strong>eji-</strong></span> 
     </span>
     <span class='ocr_line' id='line_1_17' title="bbox 160 1104 1300 1150; baseline -0.001 -12"><span class='ocrx_word' id='word_1_131' title='bbox 160 1107 306 1145; x_wconf 82' lang='lat' dir='ltr'><strong>ciantur,</strong></span> <span class='ocrx_word' id='word_1_132' title='bbox 338 1105 371 1138; x_wconf 92' lang='lat' dir='ltr'><strong>in</strong></span> <span class='ocrx_word' id='word_1_133' title='bbox 404 1118 469 1150; x_wconf 74' lang='lat' dir='ltr'><strong>qua</strong></span> <span class='ocrx_word' id='word_1_134' title='bbox 500 1114 577 1137; x_wconf 87' lang='lat' dir='ltr'><strong>sunt</strong></span> <span class='ocrx_word' id='word_1_135' title='bbox 610 1105 794 1143; x_wconf 69' lang='lat' dir='ltr'><strong>tenebrae,</strong></span> <span class='ocrx_word' id='word_1_136' title='bbox 824 1104 958 1136; x_wconf 84' lang='lat' dir='ltr'><strong>nemine</strong></span> <span class='ocrx_word' id='word_1_137' title='bbox 989 1116 1044 1136; x_wconf 86' lang='lat' dir='ltr'><strong>eas</strong></span> <span class='ocrx_word' id='word_1_138' title='bbox 1076 1104 1300 1145; x_wconf 78' lang='lat' dir='ltr'><strong>illuminante,</strong></span> 
     </span>
     <span class='ocr_line' id='line_1_18' title="bbox 159 1165 1302 1200; baseline -0.002 0"><span class='ocrx_word' id='word_1_139' title='bbox 159 1181 235 1200; x_wconf 88' lang='lat' dir='ltr'><strong>cum</strong></span> <span class='ocrx_word' id='word_1_140' title='bbox 259 1168 325 1199; x_wconf 90' lang='lat' dir='ltr'><strong>sint</strong></span> <span class='ocrx_word' id='word_1_141' title='bbox 351 1178 440 1199; x_wconf 80' lang='lat' dir='ltr'><strong>extra</strong></span> <span class='ocrx_word' id='word_1_142' title='bbox 464 1176 575 1199; x_wconf 82' lang='lat' dir='ltr'><strong>totum</strong></span> <span class='ocrx_word' id='word_1_143' title='bbox 601 1167 797 1198; x_wconf 64' lang='lat' dir='ltr'><strong>mundmu«</strong></span> <span class='ocrx_word' id='word_1_144' title='bbox 854 1166 921 1198; x_wconf 82' lang='lat' dir='ltr'><strong>Sed</strong></span> <span class='ocrx_word' id='word_1_145' title='bbox 954 1165 1034 1198; x_wconf 84' lang='lat' dir='ltr'><strong>alibi</strong></span> <span class='ocrx_word' id='word_1_146' title='bbox 1067 1175 1178 1197; x_wconf 81' lang='lat' dir='ltr'><strong>tamen</strong></span> <span class='ocrx_word' id='word_1_147' title='bbox 1203 1166 1302 1198; x_wconf 89' lang='lat' dir='ltr'><strong>aliter</strong></span> 
     </span>
     <span class='ocr_line' id='line_1_19' title="bbox 156 1227 1300 1274; baseline -0.002 -11"><span class='ocrx_word' id='word_1_148' title='bbox 156 1230 313 1263; x_wconf 76' lang='lat' dir='ltr'><strong>tenebras</strong></span> <span class='ocrx_word' id='word_1_149' title='bbox 339 1229 522 1262; x_wconf 78' lang='lat' dir='ltr'><strong>exteriores</strong></span> <span class='ocrx_word' id='word_1_150' title='bbox 548 1228 705 1274; x_wconf 76' lang='lat' dir='ltr'><strong>exponit,</strong></span> <span class='ocrx_word' id='word_1_151' title='bbox 730 1237 768 1260; x_wconf 89' lang='lat' dir='ltr'><strong>ut</strong></span> <span class='ocrx_word' id='word_1_152' title='bbox 792 1240 871 1259; x_wconf 86' lang='lat' dir='ltr'><strong>mox</strong></span> <span class='ocrx_word' id='word_1_153' title='bbox 902 1228 1131 1261; x_wconf 83' lang='lat' dir='ltr'><strong>ostendemus.</strong></span> <span class='ocrx_word' id='word_1_154' title='bbox 1178 1227 1300 1261; x_wconf 84' lang='lat' dir='ltr'><strong>Homi-</strong></span> 
     </span>
     <span class='ocr_line' id='line_1_20' title="bbox 158 1290 1298 1335; baseline -0.001 -11"><span class='ocrx_word' id='word_1_155' title='bbox 158 1292 203 1324; x_wconf 86' lang='lat' dir='ltr'><strong>lia</strong></span> <span class='ocrx_word' id='word_1_156' title='bbox 229 1301 341 1324; x_wconf 84' lang='lat' dir='ltr'><strong>autem</strong></span> <span class='ocrx_word' id='word_1_157' title='bbox 368 1291 398 1325; x_wconf 84' lang='lat'><strong>1.</strong></span> <span class='ocrx_word' id='word_1_158' title='bbox 429 1291 464 1324; x_wconf 88' lang='lat' dir='ltr'><strong>in</strong></span> <span class='ocrx_word' id='word_1_159' title='bbox 489 1291 613 1325; x_wconf 86' lang='lat' dir='ltr'><strong>Genes.</strong></span> <span class='ocrx_word' id='word_1_160' title='bbox 649 1304 743 1323; x_wconf 83' lang='lat' dir='ltr'><strong>num.</strong></span> <span class='ocrx_word' id='word_1_161' title='bbox 771 1290 799 1324; x_wconf 94' lang='lat'><strong>1.</strong></span> <span class='ocrx_word' id='word_1_162' title='bbox 837 1291 997 1335; x_wconf 80' lang='lat' dir='ltr'><strong>abyssum</strong></span> <span class='ocrx_word' id='word_1_163' title='bbox 1028 1290 1144 1330; x_wconf 86' lang='lat' dir='ltr'><strong>illam,</strong></span> <span class='ocrx_word' id='word_1_164' title='bbox 1177 1290 1234 1323; x_wconf 85' lang='lat' dir='ltr'><strong>cui</strong></span> <span class='ocrx_word' id='word_1_165' title='bbox 1263 1290 1298 1323; x_wconf 79' lang='lat' dir='ltr'><strong>in</strong></span> 
     </span>
     <span class='ocr_line' id='line_1_21' title="bbox 159 1342 1299 1393; baseline 0 -7"><span class='ocrx_word' id='word_1_166' title='bbox 159 1342 273 1386; x_wconf 79' lang='lat' dir='ltr'><strong>rerum</strong></span> <span class='ocrx_word' id='word_1_167' title='bbox 310 1352 409 1386; x_wconf 81' lang='lat' dir='ltr'><strong>initio</strong></span> <span class='ocrx_word' id='word_1_168' title='bbox 441 1354 600 1386; x_wconf 78' lang='lat' dir='ltr'><strong>tenebrae</strong></span> <span class='ocrx_word' id='word_1_169' title='bbox 632 1353 858 1393; x_wconf 84' lang='lat' dir='ltr'><strong>incubabant,</strong></span> <span class='ocrx_word' id='word_1_170' title='bbox 891 1364 964 1385; x_wconf 88' lang='lat' dir='ltr'><strong>eam</strong></span> <span class='ocrx_word' id='word_1_171' title='bbox 997 1364 1068 1385; x_wconf 82' lang='lat' dir='ltr'><strong>esse</strong></span> <span class='ocrx_word' id='word_1_172' title='bbox 1099 1351 1236 1393; x_wconf 84' lang='lat' dir='ltr'><strong>scribit,</strong></span> <span class='ocrx_word' id='word_1_173' title='bbox 1264 1352 1299 1386; x_wconf 83' lang='lat' dir='ltr'><strong>in</strong></span> 
     </span>
     <span class='ocr_line' id='line_1_22' title="bbox 158 1413 1079 1461; baseline -0.002 -13"><span class='ocrx_word' id='word_1_174' title='bbox 158 1429 258 1461; x_wconf 88' lang='lat' dir='ltr'><strong>quam</strong></span> <span class='ocrx_word' id='word_1_175' title='bbox 284 1415 452 1456; x_wconf 77' lang='lat' dir='ltr'><strong>diabolus,</strong></span> <span class='ocrx_word' id='word_1_176' title='bbox 477 1415 652 1460; x_wconf 86' lang='lat' dir='ltr'><strong>ipsiusque</strong></span> <span class='ocrx_word' id='word_1_177' title='bbox 676 1415 785 1457; x_wconf 83' lang='lat' dir='ltr'><strong>angeli</strong></span> <span class='ocrx_word' id='word_1_178' title='bbox 809 1413 969 1447; x_wconf 82' lang='lat' dir='ltr'><strong>mittendi</strong></span> <span class='ocrx_word' id='word_1_179' title='bbox 991 1423 1079 1447; x_wconf 80' lang='lat' dir='ltr'><strong>sunt.</strong></span> 
     </span>
    </p>

    <p class='ocr_par' dir='ltr' id='par_1_3' title="bbox 154 1475 1298 1956">
     <span class='ocr_line' id='line_1_23' title="bbox 248 1475 1297 1519; baseline -0.002 -9"><span class='ocrx_word' id='word_1_180' title='bbox 248 1479 303 1511; x_wconf 87' lang='lat' dir='ltr'><strong>lV.</strong></span> <span class='ocrx_word' id='word_1_181' title='bbox 351 1476 533 1519; x_wconf 81' lang='lat' dir='ltr'><strong>Assignatis</strong></span> <span class='ocrx_word' id='word_1_182' title='bbox 565 1477 649 1509; x_wconf 90' lang='lat' dir='ltr'><strong>locis</strong></span> <span class='ocrx_word' id='word_1_183' title='bbox 681 1489 718 1508; x_wconf 86' lang='lat' dir='ltr'><strong>ac</strong></span> <span class='ocrx_word' id='word_1_184' title='bbox 749 1475 885 1509; x_wconf 86' lang='lat' dir='ltr'><strong>sedibus</strong></span> <span class='ocrx_word' id='word_1_185' title='bbox 916 1475 984 1508; x_wconf 89' lang='lat' dir='ltr'><strong>suis</strong></span> <span class='ocrx_word' id='word_1_186' title='bbox 1008 1475 1162 1508; x_wconf 85' lang='lat' dir='ltr'><strong>redditos</strong></span> <span class='ocrx_word' id='word_1_187' title='bbox 1185 1475 1297 1509; x_wconf 84' lang='lat' dir='ltr'><strong>homi—</strong></span> 
     </span>
     <span class='ocr_line' id='line_1_24' title="bbox 154 1538 1297 1585; baseline -0.002 -11"><span class='ocrx_word' id='word_1_188' title='bbox 154 1553 214 1574; x_wconf 88' lang='lat' dir='ltr'><strong>nes</strong></span> <span class='ocrx_word' id='word_1_189' title='bbox 237 1551 371 1585; x_wconf 83' lang='lat' dir='ltr'><strong>poenae</strong></span> <span class='ocrx_word' id='word_1_190' title='bbox 396 1552 434 1571; x_wconf 91' lang='lat' dir='ltr'><strong>ac</strong></span> <span class='ocrx_word' id='word_1_191' title='bbox 457 1538 624 1583; x_wconf 87' lang='lat' dir='ltr'><strong>supplicia</strong></span> <span class='ocrx_word' id='word_1_192' title='bbox 649 1551 712 1583; x_wconf 90' lang='lat' dir='ltr'><strong>pro</strong></span> <span class='ocrx_word' id='word_1_193' title='bbox 737 1538 905 1571; x_wconf 85' lang='lat' dir='ltr'><strong>scelerum</strong></span> <span class='ocrx_word' id='word_1_194' title='bbox 937 1538 1042 1570; x_wconf 84' lang='lat' dir='ltr'><strong>modo</strong></span> <span class='ocrx_word' id='word_1_195' title='bbox 1076 1538 1297 1582; x_wconf 79' lang='lat' dir='ltr'><strong>torquebunt.</strong></span> 
     </span>
     <span class='ocr_line' id='line_1_25' title="bbox 157 1599 1298 1645; baseline -0.003 -9"><span class='ocrx_word' id='word_1_196' title='bbox 157 1603 215 1636; x_wconf 83' lang='lat' dir='ltr'><strong>Ait</strong></span> <span class='ocrx_word' id='word_1_197' title='bbox 241 1601 331 1634; x_wconf 88' lang='lat' dir='ltr'><strong>enim</strong></span> <span class='ocrx_word' id='word_1_198' title='bbox 358 1601 432 1635; x_wconf 88' lang='lat' dir='ltr'><strong>libr.</strong></span> <span class='ocrx_word' id='word_1_199' title='bbox 458 1602 487 1635; x_wconf 87' lang='lat'><strong>1.</strong></span> <span class='ocrx_word' id='word_1_200' title='bbox 513 1603 595 1645; x_wconf 76' lang='grc' dir='ltr'><strong>περὶ</strong></span> <span class='ocrx_word' id='word_1_201' title='bbox 621 1601 745 1645; x_wconf 71' lang='grc' dir='ltr'><em>ἀρχῶν</em></span> <span class='ocrx_word' id='word_1_202' title='bbox 778 1613 849 1645; x_wconf 89' lang='lat' dir='ltr'><strong>cap.</strong></span> <span class='ocrx_word' id='word_1_203' title='bbox 875 1600 906 1634; x_wconf 87' lang='grc'><strong>6.</strong></span> <span class='ocrx_word' id='word_1_204' title='bbox 938 1613 1029 1633; x_wconf 88' lang='lat' dir='ltr'><strong>num.</strong></span> <span class='ocrx_word' id='word_1_205' title='bbox 1053 1599 1085 1634; x_wconf 89' lang='lat'><strong>3.</strong></span> <span class='ocrx_word' id='word_1_206' title='bbox 1135 1600 1298 1633; x_wconf 83' lang='lat' dir='ltr'><strong>»Interim</strong></span> 
     </span>
     <span class='ocr_line' id='line_1_26' title="bbox 154 1653 1296 1708; baseline -0.001 -12"><span class='ocrx_word' id='word_1_207' title='bbox 154 1676 223 1699; x_wconf 77' lang='lat' dir='ltr'><strong>tam</strong></span> <span class='ocrx_word' id='word_1_208' title='bbox 248 1664 282 1696; x_wconf 90' lang='lat' dir='ltr'><strong>in</strong></span> <span class='ocrx_word' id='word_1_209' title='bbox 307 1663 369 1704; x_wconf 83' lang='lat' dir='ltr'><strong>his,</strong></span> <span class='ocrx_word' id='word_1_210' title='bbox 394 1675 479 1708; x_wconf 83' lang='lat' dir='ltr'><strong>quae</strong></span> <span class='ocrx_word' id='word_1_211' title='bbox 504 1653 672 1703; x_wconf 77' lang='lat' dir='ltr'><strong>videntu&#39;r‚</strong></span> <span class='ocrx_word' id='word_1_212' title='bbox 697 1672 730 1695; x_wconf 89' lang='lat' dir='ltr'><strong>et</strong></span> <span class='ocrx_word' id='word_1_213' title='bbox 754 1661 1001 1706; x_wconf 87' lang='lat' dir='ltr'><strong>temporalibus</strong></span> <span class='ocrx_word' id='word_1_214' title='bbox 1017 1661 1170 1700; x_wconf 86' lang='lat' dir='ltr'><strong>saeculis,</strong></span> <span class='ocrx_word' id='word_1_215' title='bbox 1195 1675 1296 1707; x_wconf 85' lang='lat' dir='ltr'><strong>quam</strong></span> 
     </span>
     <span class='ocr_line' id='line_1_27' title="bbox 154 1725 1296 1770; baseline 0 -11"><span class='ocrx_word' id='word_1_216' title='bbox 154 1728 190 1760; x_wconf 90' lang='lat' dir='ltr'><strong>in</strong></span> <span class='ocrx_word' id='word_1_217' title='bbox 213 1726 301 1765; x_wconf 89' lang='lat' dir='ltr'><strong>illis,</strong></span> <span class='ocrx_word' id='word_1_218' title='bbox 333 1737 419 1770; x_wconf 91' lang='lat' dir='ltr'><strong>quae</strong></span> <span class='ocrx_word' id='word_1_219' title='bbox 451 1738 518 1758; x_wconf 91' lang='lat' dir='ltr'><strong>non</strong></span> <span class='ocrx_word' id='word_1_220' title='bbox 545 1726 721 1766; x_wconf 89' lang='lat' dir='ltr'><strong>videntur,</strong></span> <span class='ocrx_word' id='word_1_221' title='bbox 753 1734 786 1757; x_wconf 76' lang='lat' dir='ltr'><strong>et</strong></span> <span class='ocrx_word' id='word_1_222' title='bbox 815 1734 950 1757; x_wconf 86' lang='lat' dir='ltr'><strong>aeterna</strong></span> <span class='ocrx_word' id='word_1_223' title='bbox 973 1733 1065 1764; x_wconf 83' lang='lat' dir='ltr'><strong>sunt,</strong></span> <span class='ocrx_word' id='word_1_224' title='bbox 1099 1734 1216 1758; x_wconf 87' lang='lat' dir='ltr'><strong>omnes</strong></span> <span class='ocrx_word' id='word_1_225' title='bbox 1240 1725 1296 1759; x_wconf 79' lang='lat' dir='ltr'><strong>isti</strong></span> 
     </span>
     <span class='ocr_line' id='line_1_28' title="bbox 154 1782 1298 1835; baseline -0.001 -14"><span class='ocrx_word' id='word_1_226' title='bbox 154 1802 218 1834; x_wconf 89' lang='lat' dir='ltr'><strong>pro</strong></span> <span class='ocrx_word' id='word_1_227' title='bbox 245 1787 376 1828; x_wconf 85' lang='lat' dir='ltr'><strong>ordine,</strong></span> <span class='ocrx_word' id='word_1_228' title='bbox 399 1799 464 1832; x_wconf 89' lang='lat' dir='ltr'><strong>pro</strong></span> <span class='ocrx_word' id='word_1_229' title='bbox 489 1787 631 1835; x_wconf 77' lang='lat' dir='ltr'><strong>ratione,</strong></span> <span class='ocrx_word' id='word_1_230' title='bbox 653 1800 718 1832; x_wconf 88' lang='lat' dir='ltr'><strong>pro</strong></span> <span class='ocrx_word' id='word_1_231' title='bbox 744 1782 861 1827; x_wconf 82' lang='lat' dir='ltr'><strong>modo,</strong></span> <span class='ocrx_word' id='word_1_232' title='bbox 893 1795 926 1819; x_wconf 86' lang='lat' dir='ltr'><strong>et</strong></span> <span class='ocrx_word' id='word_1_233' title='bbox 956 1787 1157 1819; x_wconf 83' lang='lat' dir='ltr'><strong>meritorum</strong></span> <span class='ocrx_word' id='word_1_234' title='bbox 1189 1786 1298 1830; x_wconf 78' lang='lat' dir='ltr'><strong>digni-</strong></span> 
     </span>
     <span class='ocr_line' id='line_1_29' title="bbox 155 1848 1293 1895; baseline -0.002 -11"><span class='ocrx_word' id='word_1_235' title='bbox 155 1851 279 1884; x_wconf 86' lang='lat' dir='ltr'><strong>tatibus</strong></span> <span class='ocrx_word' id='word_1_236' title='bbox 305 1850 560 1895; x_wconf 84' lang='lat' dir='ltr'><strong>dispensantur‚</strong></span> <span class='ocrx_word' id='word_1_237' title='bbox 594 1858 632 1881; x_wconf 88' lang='lat' dir='ltr'><strong>ut</strong></span> <span class='ocrx_word' id='word_1_238' title='bbox 654 1848 715 1882; x_wconf 84' lang='lat' dir='ltr'><strong>alii</strong></span> <span class='ocrx_word' id='word_1_239' title='bbox 739 1848 773 1880; x_wconf 91' lang='lat' dir='ltr'><strong>in</strong></span> <span class='ocrx_word' id='word_1_240' title='bbox 797 1849 934 1892; x_wconf 78' lang='lat' dir='ltr'><strong>primis,</strong></span> <span class='ocrx_word' id='word_1_241' title='bbox 971 1848 1028 1881; x_wconf 86' lang='lat' dir='ltr'><strong>alii</strong></span> <span class='ocrx_word' id='word_1_242' title='bbox 1060 1848 1094 1880; x_wconf 88' lang='lat' dir='ltr'><strong>in</strong></span> <span class='ocrx_word' id='word_1_243' title='bbox 1126 1849 1293 1890; x_wconf 76' lang='lat' dir='ltr'><strong>secundis,</strong></span> 
     </span>
     <span class='ocr_line' id='line_1_30' title="bbox 154 1910 1294 1956; baseline -0.001 -10"><span class='ocrx_word' id='word_1_244' title='bbox 154 1911 313 1946; x_wconf 88' lang='lat' dir='ltr'><strong>nonnulli</strong></span> <span class='ocrx_word' id='word_1_245' title='bbox 338 1911 438 1945; x_wconf 86' lang='lat' dir='ltr'><strong>etiam</strong></span> <span class='ocrx_word' id='word_1_246' title='bbox 463 1911 498 1944; x_wconf 86' lang='lat' dir='ltr'><strong>in</strong></span> <span class='ocrx_word' id='word_1_247' title='bbox 520 1911 648 1944; x_wconf 86' lang='lat' dir='ltr'><strong>ultimis</strong></span> <span class='ocrx_word' id='word_1_248' title='bbox 679 1910 910 1955; x_wconf 83' lang='lat' dir='ltr'><strong>temporibus,</strong></span> <span class='ocrx_word' id='word_1_249' title='bbox 945 1920 978 1943; x_wconf 86' lang='lat' dir='ltr'><strong>et</strong></span> <span class='ocrx_word' id='word_1_250' title='bbox 1008 1923 1071 1955; x_wconf 84' lang='lat' dir='ltr'><strong>per</strong></span> <span class='ocrx_word' id='word_1_251' title='bbox 1103 1911 1232 1956; x_wconf 82' lang='lat' dir='ltr'><strong>majora</strong></span> <span class='ocrx_word' id='word_1_252' title='bbox 1255 1924 1294 1945; x_wconf 85' lang='lat' dir='ltr'><strong>ae</strong></span> 
     </span>
    </p>
   </div>
   <div class='ocr_carea' id='block_1_3' title="bbox 155 1972 1292 2019">
    <p class='ocr_par' dir='ltr' id='par_1_4' title="bbox 155 1972 1292 2019">
     <span class='ocr_line' id='line_1_31' title="bbox 155 1972 1292 2019; baseline 0 -12"><span class='ocrx_word' id='word_1_253' title='bbox 155 1975 307 2017; x_wconf 76' lang='lat' dir='ltr'><strong>graviora</strong></span> <span class='ocrx_word' id='word_1_254' title='bbox 331 1973 512 2019; x_wconf 84' lang='lat' dir='ltr'><strong>supplicia,</strong></span> <span class='ocrx_word' id='word_1_255' title='bbox 535 1986 598 2006; x_wconf 90' lang='lat' dir='ltr'><strong>nec</strong></span> <span class='ocrx_word' id='word_1_256' title='bbox 624 1986 694 2006; x_wconf 91' lang='lat' dir='ltr'><strong>non</strong></span> <span class='ocrx_word' id='word_1_257' title='bbox 719 1982 752 2006; x_wconf 87' lang='lat' dir='ltr'><strong>et</strong></span> <span class='ocrx_word' id='word_1_258' title='bbox 777 1972 946 2013; x_wconf 86' lang='lat' dir='ltr'><strong>diuturna,</strong></span> <span class='ocrx_word' id='word_1_259' title='bbox 971 1985 1009 2006; x_wconf 85' lang='lat' dir='ltr'><strong>ac</strong></span> <span class='ocrx_word' id='word_1_260' title='bbox 1031 1973 1160 2014; x_wconf 82' lang='lat' dir='ltr'><strong>multis,</strong></span> <span class='ocrx_word' id='word_1_261' title='bbox 1184 1983 1224 2006; x_wconf 91' lang='lat' dir='ltr'><strong>ut</strong></span> <span class='ocrx_word' id='word_1_262' title='bbox 1246 1973 1292 2007; x_wconf 82' lang='lat' dir='ltr'><strong>ita</strong></span> 
     </span>
    </p>
   </div>
   <div class='ocr_carea' id='block_1_4' title="bbox 151 2136 1289 2261">
    <p class='ocr_par' dir='ltr' id='par_1_5' title="bbox 151 2136 1289 2261">
     <span class='ocr_line' id='line_1_32' title="bbox 251 2136 1289 2179; baseline 0 -10"><span class='ocrx_word' id='word_1_263' title='bbox 251 2139 280 2179; x_wconf 91' lang='lat'><strong>¹)</strong></span> <span class='ocrx_word' id='word_1_264' title='bbox 305 2137 391 2169; x_wconf 85' lang='lat' dir='ltr'>Edd.</span> <span class='ocrx_word' id='word_1_265' title='bbox 417 2137 550 2170; x_wconf 81' lang='lat' dir='ltr'><strong>Huetii:</strong></span> <span class='ocrx_word' id='word_1_266' title='bbox 588 2136 647 2168; x_wconf 79' lang='lat' dir='ltr'><strong>»in</strong></span> <span class='ocrx_word' id='word_1_267' title='bbox 679 2136 766 2167; x_wconf 85' lang='lat' dir='ltr'><strong>hunc</strong></span> <span class='ocrx_word' id='word_1_268' title='bbox 801 2136 913 2167; x_wconf 86' lang='lat' dir='ltr'><strong>locum</strong></span> <span class='ocrx_word' id='word_1_269' title='bbox 941 2136 1158 2169; x_wconf 87' lang='lat' dir='ltr'><strong>descendunt.</strong></span> <span class='ocrx_word' id='word_1_270' title='bbox 1207 2138 1289 2172; x_wconf 80' lang='lat' dir='ltr'><strong>Nam</strong></span> 
     </span>
     <span class='ocr_line' id='line_1_33' title="bbox 151 2178 1289 2215; baseline -0.002 0"><span class='ocrx_word' id='word_1_271' title='bbox 151 2183 220 2215; x_wconf 91' lang='lat' dir='ltr'><strong>illis</strong></span> <span class='ocrx_word' id='word_1_272' title='bbox 244 2183 395 2215; x_wconf 80' lang='lat' dir='ltr'><strong>infernae</strong></span> <span class='ocrx_word' id='word_1_273' title='bbox 421 2182 473 2214; x_wconf 78' lang='lat' dir='ltr'><strong>hic</strong></span> <span class='ocrx_word' id='word_1_274' title='bbox 499 2181 717 2214; x_wconf 89' lang='lat' dir='ltr'><strong>morientium</strong></span> <span class='ocrx_word' id='word_1_275' title='bbox 744 2180 873 2214; x_wconf 80' lang='lat' dir='ltr'><strong>animae</strong></span> <span class='ocrx_word' id='word_1_276' title='bbox 899 2181 1066 2214; x_wconf 77' lang='lat' dir='ltr'><strong>(licuntur.</strong></span> <span class='ocrx_word' id='word_1_277' title='bbox 1107 2178 1218 2215; x_wconf 80' lang='lat' dir='ltr'><strong>Credo</strong></span> <span class='ocrx_word' id='word_1_278' title='bbox 1245 2181 1289 2214; x_wconf 87' lang='lat' dir='ltr'><strong>ob</strong></span> 
     </span>
     <span class='ocr_line' id='line_1_34' title="bbox 151 2229 343 2261; baseline -0.005 -1"><span class='ocrx_word' id='word_1_279' title='bbox 151 2229 254 2261; x_wconf 74' lang='lat' dir='ltr'><strong>hanc«</strong></span> <span class='ocrx_word' id='word_1_280' title='bbox 283 2237 343 2260; x_wconf 86' lang='lat' dir='ltr'><strong>etc.</strong></span> 
     </span>
    </p>
   </div>
   <div class='ocr_carea' id='block_1_5' title="bbox 245 2282 1051 2327">
    <p class='ocr_par' dir='ltr' id='par_1_6' title="bbox 245 2282 1051 2327">
     <span class='ocr_line' id='line_1_35' title="bbox 245 2282 1051 2327; baseline -0.002 -10"><span class='ocrx_word' id='word_1_281' title='bbox 245 2285 278 2327; x_wconf 82' lang='lat'><strong>²)</strong></span> <span class='ocrx_word' id='word_1_282' title='bbox 308 2284 375 2317; x_wconf 69' lang='lat' dir='ltr'><strong>cfr.</strong></span> <span class='ocrx_word' id='word_1_283' title='bbox 404 2283 526 2316; x_wconf 78' lang='lat' dir='ltr'><strong>psalm.</strong></span> <span class='ocrx_word' id='word_1_284' title='bbox 552 2283 741 2322; x_wconf 76' lang='lat' dir='ltr'><strong>Lxxxvi,</strong></span> <span class='ocrx_word' id='word_1_285' title='bbox 770 2282 819 2317; x_wconf 78' lang='lat'><strong>13.</strong></span> <span class='ocrx_word' id='word_1_286' title='bbox 845 2283 1051 2326; x_wconf 72' lang='lat' dir='ltr'><strong>(LXXXV.)</strong></span> 
     </span>
    </p>
   </div>
   <div class='ocr_carea' id='block_1_6' title="bbox 1399 920 1403 1554">
    <p class='ocr_par' dir='ltr' id='par_1_7' title="bbox 1399 920 1403 1554">
     <span class='ocr_line' id='line_1_36' title="bbox 1399 920 1403 1554; baseline 0 0"><span class='ocrx_word' id='word_1_287' title='bbox 1399 920 1403 1554; x_wconf 95' lang='lat' dir='ltr'><strong> </strong></span> 
     </span>
    </p>
   </div>
  </div>
 </body>
</html>
