1403 2492
371 66 684 100 OmessmAwouum
709 66 823 99 Lmen
847 65 890 98 11.
1130 66 1198 100 267

63 153 174 198 ipsum
200 155 290 199 quod
316 155 454 188 ludebat
479 168 554 187 cum
579 155 732 194 Ismaffle,
764 167 831 188 non
858 154 891 186 in
920 167 1017 186 earne
1043 154 1202 189 ludebat?

64 215 140 248 Hoc
165 226 213 248 est
240 216 328 248 enim
354 218 445 261 quod
472 216 624 248 mirabile
652 226 698 249 est
728 216 761 248 in
790 215 948 260 Apostoli
973 229 1082 255 sensu,
1107 217 1201 260 quod

65 278 107 309 de
141 278 262 322 quibus
292 290 359 310 non
392 286 504 322 potest
534 276 699 317 dubitari,
736 277 816 321 quin
850 277 1034 308 seeundum
1066 290 1201 310 carnem

64 348 152 379 gesta
177 339 252 378 sint,
277 339 358 371 hacc
383 340 441 371 ille
467 339 547 372 dicit
573 352 642 370 esse
668 337 863 380 allegorica:
897 347 933 370 nt
957 351 1018 370 nos
1044 338 1125 382 quid
1151 339 1200 370 fa-

64 400 221 432 ciendum
253 400 297 432 sit
327 400 360 432 in
394 401 512 433 ceteris
545 401 757 438 noverimus,
788 409 822 432 et
845 401 878 431 in
906 400 954 432 his
979 401 1140 440 maxime,
1165 400 1199 432 in

65 461 184 505 quibus
211 462 295 494 nihil
321 462 432 495 divina
459 463 530 504 lege
556 462 693 503 dignum
719 461 875 493 historica
894 461 1028 494 videtur
1051 462 1200 494 indicare

62 522 242 556 narrantia«
293 524 445 556 Homilia
469 524 562 556 XIV.
592 522 626 554 in
651 522 758 555 Levit.
783 536 874 555 num.
895 523 927 557 2.
978 524 1084 557 »Cum
1111 524 1201 556 Scri-

63 594 177 628 pturas
201 585 275 629 quis
303 585 393 627 legit,
417 595 451 618 et
474 584 606 617 literam
631 585 767 629 quidem
792 584 962 629 sequitur,
986 586 1200 617 intellectum

64 655 174 678 autem
199 647 352 692 repudiat
383 647 610 691 spiritualem,
645 646 699 678 hic
732 656 872 678 matrem
906 646 1042 690 quidem
1068 645 1201 678 IsraEli-

63 717 131 740 tam
156 708 265 747 habet,
289 709 323 741 id
349 718 397 740 est
422 707 573 748 literam3
605 721 737 740 sensum
765 722 862 748 vero,
888 708 965 753 quia
989 707 1199 752 spiritualem

64 781 132 801 non
160 770 330 814 sequitur,
363 769 423 801 sed
453 769 638 808 carnalem,
673 769 726 802 isti
760 780 808 803 est
842 769 1026 816 Aegyptius
1056 779 1199 813 paterne

66 839 98 862 et
122 843 217 863 mox:
254 832 343 863 »Nos
367 843 470 870 vero,
494 831 552 875 qui
577 844 614 863 ex
639 840 784 876 utroque
809 844 930 873 genere
954 831 1122 863 Israelitae
1147 844 1201 863 su-

63 905 148 931 mus,
173 901 206 924 et
229 892 371 932 literam,
397 902 429 925 et
454 893 610 937 spiritum
636 893 669 925 in
693 893 876 937 Scripturis
901 893 1021 925 sanctis
1047 892 1201 924 defendi-

63 966 167 986 mus.«
217 953 341 987 Totam
366 967 446 986 vero
471 954 506 986 in
532 954 602 999 ejus
627 955 676 987 rei
689 955 890 987 tractatione
906 955 1095 987 Homiliam
1120 967 1202 987 con-

65 1014 171 1055 trivit,
196 1028 280 1059 quae
305 1016 483 1048 undecima
516 1025 565 1049 est
595 1016 629 1048 in
661 1018 779 1057 Num.‚
809 1017 869 1049 ubi
899 1017 941 1049 de
973 1017 1200 1061 primitiarum

64 1077 236 1109 oblatione
261 1077 450 1121 disputans:
483 1078 599 1110 »Hanc
631 1091 710 1120 ergo
736 1079 861 1120 legem,
898 1078 1007 1123 inquit
1038 1092 1129 1110 num.
1160 1079 1200 1120 1.,

65 1138 235 1170 observari
261 1139 359 1170 etiam
385 1139 569 1170 secundum
595 1139 745 1179 literam,
769 1140 855 1173 sicut
880 1149 912 1172 et
936 1140 1000 1172 alia
1025 1141 1200 1179 nonnulla,

63 1201 285 1233 necessarium
312 1210 427 1244 putosx
477 1201 599 1234 Postea
624 1201 670 1234 sic
696 1202 758 1234 ait:
794 1202 900 1235 »Sunt
926 1201 983 1246 qui
1006 1202 1052 1234 ita
1077 1202 1199 1240 dicant,

65 1261 142 1304 quia
173 1261 199 1293 si
230 1262 358 1306 aliquid
383 1262 536 1294 Domino
563 1265 809 1296 observandum
836 1273 886 1296 est
909 1264 1095 1296 secundum
1121 1264 1198 1296 lite-

64 1335 146 1362 ram,
171 1336 230 1356 cur
253 1336 320 1356 non
347 1334 378 1357 et
405 1334 522 1357 cuncta
547 1326 746 1359 serventur?
769 1326 805 1359 Si
831 1338 911 1358 vero
933 1326 973 1358 ad
988 1326 1198 1370 spiritualem

64 1384 341 1426 intelligentiam,
372 1399 455 1430 quae
488 1387 539 1418 lex
572 1387 740 1427 continet,
773 1387 949 1420 referenda
983 1396 1078 1426 sunt,
1114 1388 1198 1420 nihil

66 1447 204 1479 omnino
235 1448 420 1480 secundum
453 1448 601 1488 literam,
637 1450 694 1481 sed
726 1448 948 1492 spiritualiter
979 1450 1103 1482 debent
1126 1450 1201 1482 uni-

65 1520 158 1540 versa
182 1507 340 1543 discerni.
388 1511 457 1542 Nos
492 1521 601 1542 autem
633 1510 808 1554 utriusque
833 1511 1024 1543 assertionis
1049 1512 1200 1544 insolen-

63 1569 144 1602 tiam
168 1579 410 1614 temperantes,
443 1572 550 1616 qualis
576 1573 689 1614 regula
709 1572 743 1604 in
769 1572 1002 1616 hujuscemodi
1029 1574 1108 1615 legis
1132 1588 1200 1606 svr-

64 1631 221 1664 monibus
248 1633 453 1665 observanda
478 1634 531 1673 sit,
557 1647 594 1666 ex
619 1635 816 1666 auctoritate
843 1634 1030 1667 divinarum
1045 1636 1198 1680 Scriptu-

64 1706 176 1724 rarum
202 1694 356 1737 proferre
381 1696 615 1727 tentabimus«
665 1696 754 1727 Tum
788 1695 901 1727 haberi
938 1696 1018 1728 dicit
1050 1697 1082 1729 in
1108 1698 1198 1730 Scri-

65 1764 163 1797 ptura
183 1754 282 1796 leges,
305 1756 470 1794 mandata,
494 1755 758 1801 justificationeS,
782 1767 973 1801 praecepta,
996 1758 1200 1800 testimonia,

69 1825 101 1848 ct
125 1815 265 1860 judicia,
296 1829 313 1848 a
344 1830 378 1849 se
411 1817 555 1850 invicem
582 1818 724 1851 discreta
750 1828 782 1850 et
807 1819 956 1861 diversa,
982 1833 1066 1864 quae
1091 1822 1200 1853 nenti-

68 1890 168 1921 quam
193 1878 424 1921 permiscenda
450 1889 482 1912 et
507 1881 744 1912 confundenda
768 1881 852 1920 sint,
878 1882 957 1913 licet
980 1882 1060 1914 haec
1085 1883 1198 1916 onmia

67 1952 307 1983 nonnunquam
332 1940 433 1973 unico
459 1941 539 1983 legis
561 1942 700 1979 nomine
712 1942 956 1984 significentur:
983 1945 1089 1986 legem
1108 1957 1198 1988 erg0,

67 2001 155 2045 juxta
181 2001 442 2046 Apostolum,¹)
467 2004 619 2036 umbram
644 2003 766 2036 habere
791 2005 984 2038 futurorum
1009 2008 1198 2049 l›onorum;

67 2063 197 2107 reliqua
223 2076 290 2095 non
315 2063 406 2096 item.
458 2065 568 2098 »Haec
595 2078 672 2107 ergo
697 2065 844 2107 singula,
878 2080 962 2110 quae
986 2081 1197 2113 nequaquam

69 2124 202 2168 penitus
240 2126 424 2158 secuudum
465 2126 596 2159 literam
633 2128 837 2160 observanda
880 2129 963 2162 ‹licit
1002 2131 1198 2175 Apostolus,

163 2247 193 2291 ¹)
219 2247 287 2280 Cfr.
314 2247 416 2280 Hebr.
439 2248 480 2286 Χ,
508 2250 535 2283 1.
