1403 2492
380 86 693 120 OmGr-:mmonvm
717 86 831 118 Lim-:n
850 86 891 118 ΙΙ.
1178 86 1199 122 3

61 174 126 207 suit
151 175 371 216 resurrectio;
404 188 480 208 nam
512 174 594 219 quid
628 186 772 218 corpore
797 174 863 207 lioc
888 183 921 207 et
947 174 1088 208 vinculis
1116 189 1200 220 opus

61 236 191 270 bomini
215 237 249 269 in
274 236 439 278 integrum
465 236 648 269 restituto?
679 235 815 268 Gratiae
834 250 971 282 quoque
995 237 1201 270 beneficium

59 297 204 342 peremit
227 297 330 330 nimia
356 299 413 331 illa
446 307 478 330 et
512 298 694 330 immodica
721 297 864 331 libertas.
923 298 1022 331 Unde
1048 311 1128 332 vero
1153 300 1201 331 af—

61 360 154 393 fictas
179 359 330 393 dicemus
355 359 449 392 astris
474 359 616 398 animas,
649 369 682 392 et
707 359 854 392 liberum
879 360 1075 401 arbitrium,
1100 374 1199 406 quam

56 436 98 454 ex
122 422 189 454 hoc
212 421 376 454 mentium
407 421 568 454 adscensu
594 430 627 454 et
652 422 823 461 descensu,
851 422 1021 462 crassiora,
1047 423 1099 455 vel
1124 424 1202 456 sub-

58 483 174 516 tiliora
206 497 243 516 ac
273 483 505 528 splendidiora
538 483 753 516 subeuntium
786 497 934 528 corpora
961 497 1024 528 pro
1049 485 1201 519 meritis?

59 545 160 578 Unde
185 557 303 578 vesana
332 544 413 577 haec
438 554 472 577 et
497 545 656 589 pestifera
681 545 818 590 opini0,
852 545 1025 579 Christum
1048 546 1102 579 vel
1126 559 1200 591 pas-

58 620 152 646 sum,
178 607 231 640 vel
256 620 430 651 passurum
457 620 520 651 pro
547 607 731 647 sideribus,
764 621 828 652 pro
853 607 979 650 angelis
1003 617 1037 640 et
1061 609 1199 641 daemo-

57 669 174 708 nibus,
210 681 310 712 quam
341 683 379 702 ex
414 669 520 701 altera
552 668 631 710 ista,
670 679 812 714 peccato
849 678 982 702 naturas
1020 669 1095 702 illas
1128 683 1197 703 esse

58 729 235 769 obnoxias,
268 743 337 762 non
362 744 456 763 secus
488 744 525 764 ac
551 732 731 771 humanas,
764 731 978 776 proindeque
1004 733 1120 764 eadem
1146 745 1197 765 re-

55 791 230 836 paratione
255 804 293 824 ac
317 792 469 825 remedio
496 793 670 835 indigere?
705 793 774 827 Sed
799 801 831 826 et
848 794 1048 838 praefinitus
1063 794 1199 827 damna-

56 862 171 886 torum
184 852 362 897 supplicIis
379 854 502 887 modus
525 867 564 887 ac
589 863 733 899 tempus,
760 867 799 887 ex
825 867 892 899 quo
918 856 1014 888 fonte
1039 855 1197 895 manavit,

56 927 155 960 quam
182 927 220 947 ex
243 925 480 959 perseverante
505 916 605 949 etiam
637 925 718 960 post
740 916 883 949 inflictas
908 930 1034 961 poenas
1059 918 1197 950 liberta-

58 977 98 1008 tis
129 976 214 1008 usu?
274 976 430 1022 Denique
463 978 584 1021 positis
623 977 673 1009 his
713 978 877 1011 mentium
912 978 1196 1019 revolutionibus,

56 1051 94 1070 ac
125 1051 297 1083 nunquam
334 1039 483 1071 desituro
519 1039 679 1078 circuitu,
710 1039 840 1072 renasci
879 1053 1015 1085 quoque
1049 1042 1196 1074 mundos

55 1100 244 1133 identidem
263 1099 428 1144 oportuit,
455 1113 529 1132 cum
549 1101 718 1134 mentibus
744 1102 855 1134 denuo
871 1103 1090 1146 peccantibus
1109 1116 1196 1135 nova

56 1162 177 1194 iternm
208 1162 355 1206 paranda
387 1170 495 1193 essent
527 1161 679 1200 vinculav
710 1175 797 1195 nova
829 1163 959 1196 scilicet
989 1164 1196 1208 imponenda

58 1236 218 1267 corpora,
244 1235 282 1254 ex
308 1235 453 1266 quorum
480 1222 672 1256 diversitate
689 1225 834 1256 mundus
856 1225 1050 1258 efflorescit.
1099 1225 1196 1269 Quae

57 1284 83 1316 si
110 1283 181 1328 quis
208 1282 401 1315 observabit
426 1283 623 1324 diligenter,
657 1298 725 1317 non
750 1285 1014 1329 repugnantibus
1045 1295 1079 1319 et
1103 1287 1198 1320 dissi-

56 1345 141 1389 patis
172 1345 384 1385 dogmatibus
416 1354 567 1376 constare
607 1346 797 1378 doctrinam
831 1346 988 1388 Origenis
1025 1347 1196 1386 fatebitur,

54 1408 113 1440 sed
138 1415 213 1450 apte
238 1418 422 1438 connexam
449 1418 530 1445 esse,
556 1415 588 1438 et.
612 1407 796 1439 necessaria
815 1417 1094 1449 argumentorum
1109 1409 1196 1455 serie

55 1482 92 1502 ac
117 1477 247 1501 textura
272 1467 519 1500 cohaerentem.

144 1531 206 1563 Ill.
249 1529 398 1562 Primam
430 1529 462 1561 in
498 1530 558 1562 bac
592 1530 787 1574 quaestione
818 1532 977 1565 adversus
1011 1532 1194 1575 origenem

54 1592 195 1625 intentat
233 1590 506 1624 criminationem
537 1590 768 1638 Hieronymus
807 1593 906 1638 epist.
935 1594 989 1628 59.
1025 1595 1066 1628 ad
1104 1596 1193 1628 Avis.

56 1668 127 1698 cap.
151 1653 201 1693 4.,
233 1666 310 1686 cum
342 1653 540 1685 arbitratum
573 1652 683 1696 ipsum
715 1653 817 1686 fuisse
842 1654 889 1687 ait
913 1656 1040 1689 animas
1065 1670 1194 1696 omnes,

55 1725 90 1749 et.
112 1727 331 1760 quaecunque
355 1715 485 1746 ratione
511 1714 663 1758 praedita
686 1724 773 1754 sunt,
799 1729 816 1748 e
836 1716 903 1749 Dei
927 1718 1111 1752 substantia
1138 1732 1193 1752 ex-

54 1790 165 1822 pressa
181 1776 358 1821 prodiisse,
386 1776 585 1820 divinaeque
603 1775 707 1821 ipsius
728 1787 860 1821 partem
885 1791 957 1812 esse
978 1780 1192 1814 substantiae.

53 1839 125 1878 „Ne
147 1850 286 1883 parvam
303 1844 530 1882 putaremus,·‘
556 1838 680 1882 inquit,
707 1837 942 1883 „impietatem
967 1853 1039 1874 esse
1062 1854 1192 1882 eorum,

54 1912 139 1945 quae
161 1900 380 1944 praemiserat
406 1899 613 1944 (Origenes),
640 1899 673 1932 in
699 1899 851 1944 ejusdem
875 1902 1068 1936 Voluminis
1093 1904 1193 1948 (περὶ

55 1960 211 2004 ἀραιῶς)
230 1961 296 1992 fine
324 1961 497 2006 conjungit
522 1974 639 1994 omnes
663 1961 881 1994 rationabiles
904 1972 1046 2003 naturas,
1072 1964 1106 1996 id
1132 1974 1192 2005 est,

54 2023 208 2061 Patrem,
233 2031 266 2054 ez
288 2022 436 2062 Filium,
464 2031 495 2055 et
521 2023 686 2067 Spiritum
712 2033 884 2065 sanctum,
908 2026 1061 2066 angelos,
1092 2036 1192 2070 pote-

55 2092 175 2123 states,
209 2083 473 2125 dominationes,
506 2093 699 2129 ceterasque
726 2084 883 2124 virtutes¹
917 2086 1029 2130 ipsum
1055 2098 1191 2132 quoque

54 2145 225 2178 hominem
251 2145 434 2178 secundum
460 2146 590 2178 animae
614 2146 808 2187 dignitatem
833 2146 931 2179 unius
955 2159 1023 2181 esse
1039 2149 1192 2182 substan-

54 2207 128 2240 tiae.
168 2206 450 2246 intellectualem,
475 2207 594 2252 inquit,
621 2207 924 2253 rationabilemque
949 2219 1102 2243 naturam
1117 2224 1191 2243 sen-

54 2268 94 2301 tit
118 2269 229 2308 Deus,
262 2277 294 2300 et
318 2267 517 2308 Unigenitus
542 2268 649 2301 Filius
681 2268 767 2314 ejus,
800 2279 832 2302 et
857 2270 1003 2315 Spiritus
1030 2272 1188 2312 Sanctus;

933 2331 994 2366 1-ὶὶ-
