1403 2492
385 95 699 127 otum-:nummum
725 90 838 123 Lmen
865 90 908 122 11.
1149 91 1214 125 155

75 186 251 220 doctrinae
276 196 354 217 suae
378 181 554 228 principiis
581 182 736 222 dogmata
762 180 841 212 haec
867 192 1004 224 quoque
1021 192 1214 213 accommo-

76 250 142 282 dat.
192 247 346 279 Diximus
372 246 460 278 enim
486 243 550 289 jam
575 255 674 286 saepe
700 251 832 286 putasse
859 242 976 281 illum,
1010 251 1139 274 mentes
1165 255 1216 274 ra-

76 310 179 343 tionis
205 317 383 352 compotes
408 319 471 351 pro
496 305 697 337 meritorum
722 317 860 345 suorum
880 317 1034 336 mensura
1059 317 1096 337 ac
1108 305 1214 336 modo

77 371 174 404 variis
199 369 334 415 adjungi
363 367 583 412 corporibus;
609 365 856 404 subtilioribus,
880 366 907 398 si
933 375 1024 399 recte
1049 379 1084 399 se
1107 378 1216 408 gesse-

75 433 160 474 rint;
185 432 235 464 sin
259 426 542 472 secus,'gravibus
567 438 599 460 et
633 428 768 461 crassis:
802 428 1003 472 easdemque
1028 427 1216 472 quemlibet

75 504 197 527 statum
221 494 375 538 adeptas,
415 491 542 524 arbitrii
574 491 626 523 sui
662 491 815 522 libertate
846 490 887 522 ad
919 491 1006 522 bene
1043 490 1098 522 vel
1129 490 1216 522 male

75 557 240 599 agendum
265 555 348 593 frui,
385 566 422 585 ac
457 562 640 597 perpetuos
672 565 742 585 esse
779 552 925 596 proinde
957 565 974 584 a
997 552 1150 595 supernis
1175 552 1216 584 ad

75 618 236 650 inferiora
262 616 372 661 lapsus
398 624 430 647 et
454 615 590 646 reditus.
641 616 721 647 lnde
752 613 905 658 sequitur
929 623 1058 646 certum
1082 614 1216 645 nullum

75 680 243 713 beatitatis
274 679 426 710 futurum
459 685 600 714 statum,
637 677 771 708 nullum
807 675 979 716 miseriae3
1013 688 1215 719 semperque

79 743 130 774 vel
155 742 189 773 in
216 739 389 777 felicitate,
415 739 467 770 vel
493 737 526 770 in
552 738 671 782 poenis
695 738 828 770 futuros
852 741 1059 782 Progressus,
1085 747 1141 769 aut
1165 751 1217 769 re-

74 816 213 846 gressus,
238 810 341 846 prout
363 801 395 832 in
422 800 506 832 vitio
532 800 674 838 animae,
700 800 753 832 vel
779 801 811 831 in
839 799 961 832 virtute
987 799 1217 844 profecerint;

75 879 112 898 ac
138 866 373 898 damnatorum
400 861 527 894 idcirco
552 875 680 906 poenas
706 871 738 894 et
761 863 940 894 beatorum
963 861 1082 903 gaudia
1107 862 1216 894 neuti-

75 939 174 972 quam
200 923 513 969 fore'sempiterna,

123 989 165 1021 ll.
190 987 373 1032 Opinionis
398 986 492 1018 istius
518 996 629 1030 partes
654 986 800 1027 singulas
824 985 851 1017 si
876 985 1033 1017 subtilius
1058 986 1216 1030 persequi

78 1050 235 1089 velimus,
277 1058 310 1081 et
341 1062 409 1081 non
452 1061 490 1080 ex
523 1047 746 1089 Origenianae
786 1047 961 1079 doctrinae
997 1047 1218 1087 connexione,

76 1112 134 1145 sed
160 1125 198 1144 ex
223 1111 303 1155 ipsis
331 1109 522 1142 Adamantii
547 1109 657 1142 verbis
681 1109 856 1141 aestimare
878 1109 1026 1150 singula,
1061 1119 1094 1141 et
1118 1123 1219 1154 quae-

74 1185 211 1217 cunque
242 1181 416 1217 praeterea
454 1171 489 1203 in
519 1171 554 1203 id
586 1180 820 1212 argumentum
853 1170 1010 1203 disseruit
1046 1171 1218 1212 colligere,

77 1247 128 1267 res
165 1234 228 1267 erit
263 1233 393 1267 scilicet
427 1233 460 1265 in
501 1231 656 1277 proclivi.
719 1232 873 1265 Primum
912 1233 1026 1276 itaque
1064 1232 1220 1266 homines

81 1309 199 1330 omnes
222 1295 299 1338 igne
325 1295 549 1328 examinatum
572 1295 615 1327 iri
642 1294 779 1327 definit:
810 1295 869 1327 sed
893 1294 940 1326 ita
963 1303 1092 1334 tamen,
1117 1304 1154 1327 ut
1178 1295 1218 1327 il-

80 1358 160 1392 laesi
186 1367 220 1390 et
242 1357 365 1390 illibati
389 1366 603 1402 praetereant
633 1356 756 1397 saneti,
789 1355 975 1400 impiorum
1004 1368 1085 1388 vero
1111 1369 1218 1389 noxae

79 1429 112 1453 et
145 1419 224 1452 vitia
257 1419 401 1451 flammis
433 1428 672 1463 excoquantur.
738 1418 979 1450 »veniendum
1017 1426 1067 1450 est
1100 1431 1215 1459 ergo‚«

79 1482 188 1527 inquit
212 1481 342 1514 Homil.
368 1481 398 1515 6.
423 1482 457 1513 in
482 1481 590 1514 Exod.
614 1494 705 1513 num.
731 1480 780 1519 4.,
818 1481 999 1512 »omnibus
1022 1480 1064 1512 ad
1089 1479 1219 1521 ignem;

79 1544 283 1578 veniendum
310 1551 360 1576 est
383 1543 425 1575 ad
450 1541 707 1575 conflatorium:
740 1543 835 1574 sedet
855 1543 886 1585 ¹)
918 1542 1006 1574 enim
1038 1542 1219 1582 Dominus,

79 1615 112 1639 et
136 1606 270 1645 conflat,
295 1614 328 1638 et
354 1614 473 1649 purgat
496 1604 587 1637 filios
612 1604 711 1636 Juda.
760 1604 829 1637 Sed
857 1613 890 1636 et
917 1604 998 1636 illuc
1023 1617 1100 1636 cum
1126 1604 1218 1636 veni-

78 1677 144 1708 tur,
168 1668 196 1700 si
221 1666 294 1712 quis
317 1667 424 1698 multa
447 1679 551 1709 opera
575 1667 679 1704 bona,
714 1675 746 1698 et
769 1679 888 1710 parum
910 1666 1037 1711 aliquid
1063 1666 1222 1710 iniquita-

80 1730 121 1762 tis
147 1728 308 1767 attulerit,
332 1727 418 1760 illud
444 1740 562 1771 parum
587 1732 746 1771 tanquam
777 1728 956 1771 plumbum
987 1727 1054 1769 igni
1080 1728 1221 1761 resolvi-

81 1800 136 1823 tur
159 1803 196 1823 ac
220 1798 391 1835 purgatur,
417 1798 450 1821 et
474 1798 584 1821 totum
609 1797 759 1821 remanet
793 1801 911 1821 aurum
943 1803 1076 1833 purum.
1126 1791 1169 1821 Et
1193 1792 1226 1823 si

84 1852 156 1897 quis
179 1852 257 1897 plus
281 1851 365 1883 illuc
377 1851 512 1895 plumbi
533 1849 704 1890 detulerit,
728 1850 806 1894 plus
832 1849 992 1890 exuritur,
1017 1859 1055 1882 ut
1075 1851 1221 1895 amplius

84 1914 304 1958 decoquatur,
326 1921 365 1945 ut
390 1921 423 1945 et
446 1913 472 1945 si
496 1925 616 1958 parum
641 1911 771 1957 aliquid
795 1912 838 1945 sit
861 1911 945 1953 auri,
968 1921 1147 1956 purgatum
1172 1923 1222 1945 tn-

84 1988 161 2008 men
187 1975 340 2007 resideat.
389 1975 493 2019 Quod
525 1976 552 2008 si
585 1974 704 2018 aliquis
734 1973 818 2006 illuc
842 1983 932 2006 totus
957 1974 1139 2019 plumbeus
1168 1988 1223 2007 ve-

84 2037 182 2075 nerit,
207 2037 266 2068 fiet
291 2037 331 2068 de
356 2035 418 2070 illo
443 2038 521 2080 hoc,
546 2039 638 2083 quod
663 2036 827 2080 scriptum
854 2045 950 2068 esst«
991 2037 1223 2079 »»Demerge-

84 2100 186 2142 tur2)
210 2098 243 2130 in
267 2098 496 2142 profundum,
521 2107 678 2143 tanquam
704 2099 882 2142 plumbum
919 2097 952 2129 in
978 2111 1063 2143 aqua
1089 2099 1222 2133 validis-

84 2162 168 2195 sima
189 2172 227 2191 a«
276 2159 333 2193 'Et
369 2160 497 2194 Hamil.
531 2161 590 2193 ΙΙΙ.
630 2160 664 2192 in
700 2160 823 2193 Psalm.
857 2160 1033 2194 XXXVII.
1067 2173 1157 2194 num.
1193 2162 1221 2196 1.

183 2290 215 2333 ·)
242 2289 311 2323 cfr.
335 2289 470 2322 matach
500 2278 563 2325 ω,
590 2290 619 2323 3
716 2290 750 2333 ²)
780 2290 847 2321 est,
877 2288 972 2321 Em}
1009 2289 1082 2328 xv,
1112 2290 1150 2322 ιω
