1403 2492
174 95 242 132 206
506 94 618 130 Pmm
647 94 821 128 Dmnzms
845 94 978 131 Huzrn

174 195 254 219 tunc
270 184 464 218 hominibus
479 186 734 218 condonandam
749 185 951 218 existimasse
965 185 1159 228 Origemem,
1173 190 1306 233 quando

173 248 312 281 diabolo
334 247 601 281 condonabitur:
628 257 661 280 et
681 248 755 281 libr.
771 247 799 282 1.
818 248 946 281 advers.
963 248 1172 290 Pelagianos,
1193 263 1264 295 cap.
1277 250 1310 285 9.

175 310 232 343 »Si
258 319 388 349 autem,
418 309 545 354 inquit,
571 309 733 351 Origenes
757 322 874 342 omnes
900 309 1117 344 rationabiles
1143 321 1310 345 creaturas

172 372 257 404 dicit
279 384 349 404 non
376 383 445 403 esse
470 372 670 416 perdendas,
697 380 729 403 et
754 372 892 404 diabolo
916 371 1033 404 tribuit
1053 373 1310 418 poenitentiam,

172 433 252 478 quid
278 433 319 465 ad
344 432 456 466 nos?«
484 442 517 465 et
542 433 617 466 libr.
636 433 692 465 Vl.
718 432 751 465 in
779 433 879 466 lsaiac
903 433 996 473 XIV,
1019 433 1072 468 20.
1123 435 1210 468 »Ubi
1233 445 1310 468 sunt

170 508 262 538 ergo,
287 494 344 540 qui
370 496 450 528 dant
473 494 612 527 diabolo
627 493 883 538 poenitentiam,
904 503 937 528 et
953 495 1071 528 dicunt
1092 495 1190 529 illum
1209 509 1309 542 posse

168 556 373 590 mundari?«
409 566 441 589 et
469 556 544 592 libr.
569 557 663 589 Vlll.
698 556 733 588 in
765 556 868 589 isaiae
900 569 972 602 cap.
996 557 1141 591 XXVII.
1167 571 1249 593 vers.
1278 560 1307 595 1.

171 619 265 663 »Qui
301 619 419 651 dicunt
450 619 624 651 diabolum
655 627 809 650 acturum
835 618 1094 663 poenitentiam,
1119 629 1151 652 et
1174 620 1305 654 veniam

168 690 439 721 consecuturum,
465 680 730 725 interpretentur
739 680 838 713 nobis
853 681 1028 725 quomodo
1044 680 1110 714 hoc
1129 681 1306 727 accipiant,

168 744 260 788 quod
285 742 447 787 scriptum
475 738 566 775 ests«
597 742 728 787 »»Et¹)
754 742 934 774 interficiet
958 742 1153 787 draconem,
1180 744 1236 789 qui
1256 753 1305 777 est

165 805 199 837 in
225 804 376 837 marita«
405 813 438 836 et
463 804 538 837 libr.
567 804 587 838 l.
613 804 646 836 in
670 804 759 837 Dan.
778 804 840 844 Ill,
857 803 911 838 96.
962 803 1133 848 »Quidam
1157 805 1303 850 pessime

164 867 206 899 ad
239 866 414 899 diabolum
447 867 608 906 referunt,
649 867 742 910 quod
779 866 825 898 in·
845 866 1136 900 consummatione
1174 877 1207 900 et
1237 868 1303 901 sine

163 929 282 962 mundi
308 928 408 961 etiam
434 928 506 973 ipse
531 927 673 973 recipiat
695 928 851 960 notitiam
875 928 953 970 Dei,
979 938 1012 961 et
1029 941 1147 961 omnes
1161 929 1201 961 ad
1218 942 1302 973 poe-

161 991 338 1024 nitentiam
369 991 574 1023 cohortetur.
587 1004 603 1020 ι(
658 989 834 1023 Acerrime
868 1003 949 1023 vero
980 990 1014 1023 in
1045 991 1152 1023 Jonae
1179 992 1247 1031 ΙΙΙ,
1270 990 1302 1026 6.

160 1054 318 1086 adversus
345 1052 533 1085 doctrinam
556 1052 640 1085 inane
663 1051 850 1085 invehitur:
885 1052 1097 1097 »Alioquim
1121 1052 1249 1098 inquit,
1273 1052 1301 1086 si

162 1128 279 1147 omnes
300 1113 516 1147 rationabiles
540 1123 712 1146 creaturae
736 1114 891 1158 aequales
915 1123 1010 1153 sunt,
1037 1123 1070 1147 et
1094 1114 1147 1147 vel
1172 1127 1209 1147 ex
1235 1115 1302 1148 vir-

160 1177 299 1216 tutibus,
324 1176 377 1208 vel
403 1189 440 1208 ex
466 1175 555 1208 vitiis
579 1184 700 1220 sponte
724 1175 865 1220 propria
889 1185 947 1208 aut
970 1188 1100 1208 sursum
1117 1175 1301 1219 eriguntur,

159 1248 216 1271 aut
240 1238 273 1271 in
298 1238 364 1271 ima
389 1246 603 1280 merguntur,
641 1246 675 1269 et
699 1236 802 1279 longo
826 1246 906 1282 post
930 1236 1075 1270 circuitu
1099 1248 1201 1284 atque
1225 1238 1299 1272 infi-

157 1300 236 1333 nitis
259 1300 413 1340 saeculis,
439 1299 591 1332 omnium
615 1312 730 1331 rerum
753 1299 924 1332 restitutio
950 1300 1020 1340 fiet,
1046 1309 1078 1333 et
1101 1313 1167 1333 una
1191 1300 1299 1343 digni-

156 1372 206 1396 tas
230 1346 468 1395 militantium:
496 1375 580 1407 quae
606 1360 764 1394 distantia
788 1360 852 1393 erit
875 1361 963 1394 inter
987 1361 1149 1404 virginem
1167 1372 1200 1395 et
1213 1376 1298 1408 pro·

155 1423 343 1458 stibulum?
367 1437 450 1468 quae
477 1423 670 1456 differentia
695 1423 758 1456 erit
781 1423 870 1456 inter
901 1433 1043 1457 matrem
1067 1424 1227 1465 Domini,
1253 1434 1297 1466 et,

156 1486 268 1531 (quod
292 1484 384 1518 dictu
412 1498 548 1530 quoque
582 1484 691 1517 scelus
717 1484 801 1528 est‚)
833 1484 986 1517 victimas
1019 1485 1198 1518 libidinum
1233 1499 1296 1531 pu-

154 1547 344 1581 blicarum?
368 1547 508 1579 Idemne
533 1545 596 1577 erit
610 1544 761 1589 Gabriel,
787 1555 820 1578 et
845 1545 1024 1580 diabolus?>
1048 1548 1187 1593 Idemne
1201 1548 1295 1592 Apo-

153 1609 246 1649 stoli,
271 1619 304 1642 et
328 1607 534 1642 daemones?
565 1607 704 1640 ldemne
728 1608 931 1652 prophetae,
957 1617 990 1641 et
1013 1610 1295 1654 pseudoprophe-

152 1671 232 1705 tae?
267 1672 362 1703 Idem
395 1680 575 1716 martyres,
613 1666 645 1701 et
677 1670 941 1713 persecutores?
978 1670 1084 1712 Finge
1110 1672 1293 1715 quaelibet,

152 1745 257 1765 annos
283 1741 315 1765 et
339 1742 493 1776 tempora
518 1730 666 1775 duplica,
691 1740 725 1763 et
752 1731 896 1763 infinitas
911 1741 1034 1764 aetates
1051 1745 1194 1775 congere
1219 1747 1294 1766 cru-

153 1794 310 1828 ciatibus:
342 1794 369 1827 si
400 1794 476 1828 finis
501 1795 653 1826 omnium
684 1792 803 1825 similis
829 1802 894 1833 est,
936 1794 1157 1838 praeteritum
1190 1809 1291 1829 omne

150 1869 215 1900 pro
241 1856 346 1888 nihilo
371 1865 437 1896 est,
463 1856 539 1901 quia
563 1842 631 1888 non
657 1854 848 1900 quaerimus
882 1855 975 1899 quod
1004 1855 1189 1901 aliquando
1215 1858 1291 1890 sue-

150 1917 265 1958 rimus‚
289 1918 347 1950 sed
372 1917 454 1963 quid
478 1930 611 1962 semper
635 1916 739 1949 futuri
755 1916 789 1960 ²)
814 1916 948 1949 simus«
993 1917 1076 1950 Aliis
1094 1917 1290 1965 hujusmodi

148 1980 319 2024 plerisque
351 1979 536 2012 referendis
565 1978 781 2023 supersedeo.
837 1978 950 2011 Miror
981 1978 1110 2024 itaque,
1142 1980 1222 2025 quid
1254 1981 1289 2013 in

148 2051 296 2074 mentem
323 2042 452 2074 venerit
465 2040 637 2082 Halloxio,
663 2053 723 2073 cur
745 2049 879 2082 negaret
906 2040 963 2074 lib.
983 2041 1042 2076 lV.
1068 2042 1203 2085 Origen.
1229 2043 1288 2075 de-

243 2231 274 2276 ¹)
302 2230 372 2263 Csr.
398 2229 498 2263 Jesai.
524 2229 670 2270 XXVII,
696 2230 724 2264 1.

237 2287 274 2332 ⁹)
299 2287 363 2321 Ed.
389 2285 513 2320 Ruaci:
540 2285 644 2319 futuri
667 2299 791 2320 sumus.
