1403 2492
349 73 658 107 Omsssswmnonum
684 72 798 105 Lmen
823 72 867 106 Π.
1096 71 1159 108 185

29 179 83 201 sus
107 166 190 198 alter
213 164 302 197 silius
319 165 428 205 Nave3
451 175 723 208 unumquemque
740 171 852 196 autem
869 162 902 195 iu
918 163 1003 196 hanc
1017 160 1155 196 illamve

29 228 155 260 tribum
189 226 229 259 iri
261 226 447 268 ablegatum
478 237 541 270 pro
572 223 700 258 meritis
736 237 773 257 ac
808 223 1008 267 virtutibu53
1047 237 1157 269 neque

32 289 164 322 »solum
189 300 253 334 pro
276 286 405 321 meritis
429 299 557 326 eorum,
582 285 641 331 qui
665 286 910 330 dispensamur,
933 286 1044 332 inquit
1065 299 1157 320 num.

30 350 73 390 4.,
96 350 154 383 sed
181 358 213 382 et
236 361 299 394 pro
325 347 498 381 novissimi
519 348 648 387 Adam,
671 347 706 380 in
730 360 797 392 quo
825 360 941 381 omnes
965 347 1159 382 vivificandi

29 412 207 452 dicuntur,
244 409 561 456 contemplationes<
618 408 751 442 Ibidem
781 409 929 443 collocat
961 408 1160 450 Jerusalem,

30 483 60 507 et
84 482 235 507 montem
259 472 354 512 Sion,
377 470 467 518 juxta
492 471 695 516 Apostolum
720 470 795 504 Gal.
820 470 884 510 IV,
915 470 969 506 26.
995 481 1027 504 et
1049 472 1156 507 Hebr.

28 535 108 575 XII,
131 534 184 569 22.
210 543 243 568 et
264 535 431 568 Joannem
454 532 595 578 Apocal.
616 532 676 573 III,
701 531 753 567 12.
779 541 812 566 et
834 532 929 573 XXI,
945 533 990 573 2.,
1015 542 1048 566 et
1074 543 1159 567 tem-

29 598 125 642 plum
150 595 236 639 Dei3
261 595 398 641 diesque
422 593 550 628 ibidem
574 594 679 626 festos
704 594 910 627 celebratum
928 594 969 627 iri
994 604 1101 640 putat,
1127 605 1160 629 et

30 670 247 703 quaecunque
273 658 408 690 demum
426 655 679 702 praecipiuntur
706 655 740 689 in
766 656 849 698 Iege,
874 669 973 701 quam
1004 658 1158 690 umbram

30 720 201 753 continere
238 718 319 752 dicit
352 719 538 764 Apostolus
570 719 763 751 futurorum
794 719 974 752 bonorum.
1029 719 1160 752 Eadem

28 781 128 813 habet
151 780 280 814 Homil.
297 781 427 813 XXIII.
452 780 484 814 in
509 780 614 813 Josue
639 793 732 812 num.
750 780 792 821 4.,
818 794 926 826 eoque
943 782 1047 813 refert
1071 781 1161 814 istud

26 841 147 876 Joann.
171 841 263 880 XIV.
285 840 316 876 2.
367 842 452 875 »»1n
488 842 592 874 domo
625 842 733 875 Patris
762 842 829 875 mei
862 843 1050 876 mansiones
1074 844 1163 876 mul-

29 912 80 936 tae
105 912 253 940 sunt:««‚
288 912 321 936 et
357 916 459 948 super
483 903 633 936 civitates
665 903 740 937 illas
772 905 935 938 coelestes
959 914 1163 949 potestatem

27 965 220 998 habiturum
245 964 410 998 existimat
442 978 574 998 servum
607 965 706 998 illum
731 966 835 1008 frugi,
868 966 925 1012 qui
950 967 1165 1000 commissam

28 1027 92 1060 sibi
115 1026 295 1071 pecuniam
318 1027 448 1061 utiliter
479 1027 603 1072 posuit.
659 1028 726 1060 Has
758 1041 837 1070 ergo
863 1028 950 1062 inter
974 1029 1163 1063 animarum

28 1089 122 1123 sedes
147 1103 218 1122 earu
242 1089 503 1134 proportionem
526 1089 661 1130 statuit,
698 1099 731 1123 et
752 1090 1019 1124 'similitudinem
1046 1092 1165 1134 Orige-

28 1165 96 1192 nes,
120 1161 157 1184 ut
181 1151 379 1185 coelestium
403 1152 555 1183 umbram
581 1164 651 1184 esse
677 1161 709 1184 et
733 1152 911 1195 imaginem
937 1153 1016 1185 velit
1041 1163 1165 1186 terram

29 1215 132 1254 hanc,
157 1226 308 1259 quaeque
333 1212 365 1244 in
391 1212 486 1245 terris
509 1222 685 1254 geruntur,
714 1212 804 1258 juxta
829 1215 1036 1260 Apostolum
1060 1216 1164 1250 Hebr.

32 1276 125 1316 VIII,
149 1277 180 1309 5.
229 1274 463 1308 Memorabilis
490 1288 570 1307 vero
595 1288 674 1321 prae
700 1276 818 1308 ceteris
843 1276 901 1310 ille
926 1278 1039 1319 Iocus,
1064 1291 1165 1323 quem

30 1338 158 1371 Homil.
186 1338 225 1369 V.
251 1337 282 1370 in
308 1338 431 1370 Psalm.
454 1337 634 1370 XXXVII.
659 1337 856 1382 reperimus,
882 1339 939 1372 ubi
964 1341 1028 1373 hoc
1053 1341 1165 1385 expla-

30 1414 111 1433 nans
135 1400 258 1433 Psalm.
285 1400 463 1439 XXXVII,
487 1399 540 1434 3-1.
592 1399 685 1431 »›‚Et
716 1400 873 1433 exaltabit
896 1411 950 1441 te,
981 1412 1018 1435 ut
1049 1403 1166 1435 haere-

28 1464 131 1497 ditate
157 1462 266 1507 capias
297 1471 488 1494 terramzu«
526 1471 649 1495 terram
689 1462 773 1495 lianc
814 1476 882 1496 esse
924 1465 996 1497 vult
1027 1465 1165 1499 dorsum

29 1526 132 1573 ipsius
157 1524 374 1558 firmamenti:
410 1524 548 1566 ‚›Un‹le‚
579 1525 690 1570 inquit
713 1538 804 1559 num.
829 1526 878 1568 4,,
912 1539 973 1568 ego
1006 1527 1163 1569 arbitror,

28 1591 106 1635 quia
129 1588 216 1622 sicut
241 1588 330 1621 coeti
354 1586 475 1632 ipsius,
500 1587 534 1620 id
560 1597 624 1627 est,
657 1587 858 1622 firmamenti
889 1588 1027 1622 inferius
1052 1590 1164 1625 solum

27 1653 131 1686 Arida
155 1652 247 1690 haec,
271 1650 304 1682 in
331 1662 396 1694 qua
419 1663 480 1682 nos
505 1648 707 1694 habitamus,
742 1660 827 1684 terra
859 1651 928 1697 ejus
954 1651 1093 1695 dicitur3
1117 1653 1163 1687 ita

29 1724 62 1748 et
86 1713 179 1747 illius
204 1711 400 1757 superioris,
425 1712 517 1756 quod
543 1712 774 1756 principaliter
798 1712 921 1745 dicitur
945 1713 1083 1748 inferius
1108 1730 1162 1748 so-

29 1778 110 1817 lum,
136 1776 169 1809 in
196 1788 263 1820 quo
288 1773 492 1807 habitatores
517 1772 567 1806 illi
592 1773 753 1806 covlestes
785 1785 1033 1816 conversantur,
1059 1787 1102 1817 et,
1127 1787 1164 1810 ut

30 1840 74 1872 ita
100 1838 220 1877 dicam,
247 1838 384 1870 dorsum
409 1836 519 1880 ipsum
551 1836 754 1869 firmamenti
792 1835 905 1881 liujus,
945 1839 1087 1879 merito,
1124 1850 1162 1873 ut

32 1902 108 1941 dixi,
132 1909 219 1933 terra
245 1899 334 1932 illius
360 1898 446 1931 coeli
472 1911 541 1931 esse
567 1898 706 1931 dicitur:
738 1898 796 1932 sed
828 1908 915 1932 terra
938 1901 1043 1941 bona,
1077 1911 1163 1936 terra

30 1972 159 2004 sancta,
198 1971 285 1994 terra
309 1960 435 2002 multa,
473 1971 559 1994 terra
584 1961 758 2002 vivorum,
794 1971 881 1994 terra
915 1962 1019 1995 fluens
1052 1963 1102 1997 lae
1129 1974 1162 1997 et

30 2027 129 2059 mvl«
193 2025 281 2059 Fuso
317 2032 426 2057 totum
464 2024 636 2057 doctrinae
675 2037 751 2057 suae
790 2033 983 2058 contextum
1020 2026 1165 2071 explicat

30 2088 106 2121 libr.
133 2086 171 2120 II.
196 2088 280 2133 περὶ
304 2085 436 2132 ἀρχῶν,
462 2099 532 2131 cap.
557 2085 587 2121 3.
614 2099 706 2119 num.
732 2086 764 2121 6.
790 2096 823 2119 et
847 2086 897 2126 7.,
923 2097 1021 2133 atque
1046 2101 1159 2123 rerum

31 2149 181 2183 omnium
195 2147 456 2189 universitatem,
475 2148 692 2188 infernarum,
710 2159 926 2190 terrenarum,
952 2151 1162 2192 coelestium,

30 2221 64 2245 et
89 2225 172 2257 quae
197 2224 296 2256 supra
321 2210 455 2244 coelum
479 2221 573 2252 sunt,
597 2212 743 2253 generali
766 2212 903 2245 nominc
928 2215 1091 2247 mundum
1118 2215 1165 2248 ait

33 2273 216 2320 appellari,
243 2286 311 2318 quo
337 2274 438 2308 ceteri
463 2274 580 2308 mundi
614 2274 845 2319 continemur3
880 2285 912 2309 et
943 2278 1164 2323 quemadmo-
