1403 2492
378 96 689 129 Onu-‚mmmmm
715 93 826 125 ann
850 92 892 127 ΙΙ.
1117 91 1183 126 275

53 196 86 219 et
111 186 186 219 laici
209 186 400 218 sacerdotes
424 185 560 219 sumus?
586 184 757 228 Scriptum
785 191 848 214 est:
874 181 1027 223 Regnum
1043 181 1075 225 ¹)
1101 194 1185 224 quo-

54 260 118 293 que
142 260 216 286 nos,
241 256 275 278 et
298 246 489 279 sacerdotes
513 246 608 285 Deo,
635 254 669 278 ct
691 244 784 277 Patri
809 256 870 276 suo
895 243 1006 275 fecit.«
1057 244 1187 284 Grego-

53 310 120 342 rius
145 311 310 355 Nyssenus
335 308 410 340 libr.
437 309 478 340 de
502 307 732 352 perfectione:
763 305 834 339 Διά
868 303 998 339 τούτου
1029 307 1090 338 καὶ
1113 306 1185 338 τῶν

54 371 225 406 τοιούτων
248 373 361 415 πέτρα
385 372 446 404 καὶ
470 368 571 414 ἡμεῖς
595 367 780 412 ἐσόμεθα,
803 366 1040 413 μιμούμενοι,
1065 364 1187 405 καθώς

53 434 124 467 ἔστι
151 429 320 471 δυνατὸν,
346 431 388 466 ἐν
409 432 449 479 τῇ
473 432 604 478 τρεπτῇ
630 428 735 476 φύσει
763 429 801 463 τὸ
827 425 1004 473 ἄτρεπτον
1017 430 1077 461 καὶ
1093 427 1186 473 ἆμε-

54 494 219 529 τάθετον.
269 486 688 527 Αωδτοείιιε’(]οωωεῃῖ,
722 490 756 523 in
780 491 861 523 Luc.
888 490 947 523 IX.
1000 490 1090 533 »Qui
1115 502 1186 522 car-

52 568 129 588 nem
155 555 282 595 vicerit,
308 554 470 587 ecclesiae
494 554 752 586 fundamentum
779 562 837 592 est,
864 561 896 584 et
920 552 947 584 si
972 551 1106 596 aequari
1122 552 1186 584 Pe-

52 626 105 649 tro
130 629 198 648 non
223 626 347 660 potest,
372 615 494 648 imitari
519 624 664 659 potest.«
714 614 864 646 Deinde:
902 614 1040 655 »Magna
1073 623 1186 646 nutem

53 678 180 712 Christi
203 677 324 720 gratia,
359 677 417 722 qui
455 676 566 708 omnia
598 689 706 720 prope
741 675 904 707 vocabula
927 687 985 707 sua
1010 675 1185 719 discipulis

52 740 132 784 ipsis
157 739 342 772 donavit:«
378 738 492 780 »»Ego
509 738 543 781 ²)
568 751 662 778 sum,
688 737 812 782 inquit,
838 738 893 769 lux
917 737 1104 768 mundium
1134 747 1186 769 »et

51 802 86 833 id
111 811 244 840 tamen,
267 813 334 844 quo
359 800 431 844 ipse
460 799 641 841 gloriatur,
674 799 848 843 discipulis
880 811 1003 831 nomen
1035 799 1186 840 indulsit,

52 862 210 895 dicens2«
239 862 350 894 »nvos
363 862 396 906 ³)
423 862 501 893 estis
526 861 581 893 lux
606 861 792 893 mundi:««
830 860 944 902 »nEgo
963 859 996 903 ⁴)
1029 873 1101 893 sum
1128 874 1185 905 pa-

51 923 102 956 nis
126 923 291 955 vivus:««
320 933 418 956 »eu«
449 923 608 966 »»Nos⁵)
634 935 750 954 omncs
775 935 859 954 unus
886 921 978 965 panis
1003 934 1181 954 sumuszun

55 984 216 1026 »»Ego⁶)
242 998 316 1017 sum
340 984 416 1017 vitis
441 997 585 1016 veram«
617 993 669 1015 »et
695 983 756 1015 tibi
781 983 913 1015 dieit:«
943 983 1184 1028 »»Plantavi⁷)

53 1056 85 1079 te
110 1047 212 1079 vitem
238 1047 445 1078 fructuosam
470 1058 606 1077 omnem
641 1057 806 1077 veram.««
858 1043 977 1076 »Petra
1009 1055 1059 1076 cst
1088 1045 1185 1078 Chri-

52 1119 165 1140 stus:«
195 1107 451 1150 ,»›Bibebant⁸)
483 1107 573 1139 enim
611 1106 651 1138 de
683 1105 849 1149 spirituali
881 1115 1042 1149 sequente
1074 1117 1185 1151 petra;

54 1179 149 1214 petra
174 1178 286 1201 autem
311 1178 382 1201 crat
407 1168 622 1201 Christus:««
661 1167 779 1199 »etiam
807 1166 976 1210 discipulo
1001 1181 1061 1199 suo
1088 1168 1185 1213 liujus

54 1230 211 1264 vocabuli
234 1229 372 1272 gratiam
397 1242 466 1261 non
490 1229 631 1270 negavit,
656 1238 692 1260 ut
718 1237 750 1260 et
773 1227 844 1272 ipse
872 1228 913 1260 sit
938 1229 1068 1268 Petrus,
1094 1232 1186 1274 quod

55 1294 96 1324 dc
122 1302 215 1336 petra
240 1290 359 1324 habeat
389 1290 594 1323 soliditatem
628 1289 851 1330 constantiae,
876 1290 955 1322 fidei
980 1291 1184 1325 firmitatem.

55 1353 190 1386 Enitere
225 1365 304 1395 ergo
340 1362 378 1384 ut
419 1361 452 1384 et
483 1362 519 1384 tu
555 1361 650 1396 petra
681 1351 756 1384 sis.«
814 1351 1017 1392 Augustinus
1042 1353 1117 1386 libr.
1142 1353 1184 1386 ll.

55 1415 191 1458 Quaest.
216 1415 339 1456 Evang.
375 1426 447 1458 cap.
472 1413 524 1447 40.
576 1412 831 1447 »Sacerdotium
863 1426 943 1445 vero
975 1415 1186 1447 Judacorum

53 1488 154 1508 nemo
179 1476 250 1508 fere
275 1475 427 1507 fidelium
452 1475 583 1507 dubitat
609 1475 747 1517 figuram
773 1475 874 1506 fuisse
898 1475 1076 1506 sacerdotii
1095 1489 1188 1517 rega-

55 1536 106 1576 lis,
130 1537 222 1581 quod
248 1546 297 1569 est
319 1537 351 1568 in
379 1536 536 1576 ecclesia,
570 1549 636 1580 quo
672 1545 909 1568 consecrantur
942 1549 1057 1567 omnes
1082 1537 1187 1581 perti-

53 1608 170 1631 nentes
193 1599 235 1631 ad
259 1611 383 1642 corpus
409 1598 552 1638 Christi,
586 1598 706 1630 summi
741 1607 773 1630 et
798 1598 866 1629 veri
893 1597 1054 1642 principis
1079 1612 1186 1632 sacer-

54 1662 183 1693 dotum.
231 1661 315 1692 Nam
340 1672 430 1691 nunc
455 1669 488 1691 et
513 1672 629 1691 omnes
652 1669 840 1700 unguntur,
874 1660 965 1703 quod
997 1669 1076 1692 tunc
1101 1661 1186 1702 regi-

53 1722 115 1753 bus
146 1730 275 1753 tantum
307 1729 340 1752 et
370 1720 600 1753 sacerdotibus
633 1720 744 1753 fiebat.
800 1720 843 1752 Et
874 1721 965 1763 quod
998 1721 1042 1752 ait
1067 1722 1185 1758 Petrus

55 1783 95 1814 ad
123 1782 346 1815 Christianum
373 1782 540 1826 populum
565 1781 757 1814 scribensz«
795 1782 960 1822 »nssegale
974 1782 1008 1825 ⁹)
1032 1784 1186 1822 sacerdo-

56 1844 204 1876 tiumm«
235 1852 433 1887 »utrumque
458 1856 582 1875 nomen
614 1843 665 1875 illi
696 1843 827 1887 populo
863 1843 1041 1874 convenire
1078 1845 1186 1877 deela—

56 1905 158 1944 ravit,
191 1917 256 1949 quo
289 1904 346 1936 illa
383 1904 498 1936 unctio
530 1903 756 1948 pertinebat«
814 1904 950 1945 Ligaudi
985 1918 1120 1949 quoquc⁴
1155 1915 1186 1938 ct

153 2049 184 2092 ¹)
209 2048 350 2091 Apocal.
377 2049 401 2087 Ι,
427 2047 457 2081 6.
553 2049 588 2093 ²)
615 2049 673 2081 Ev.
701 2050 822 2081 Joann.
849 2049 942 2087 Vlll,
970 2048 1019 2082 12.

149 2105 182 2147 ³)
208 2104 328 2136 Matth.
354 2103 394 2141 V,
422 2104 472 2137 14.
569 2105 602 2148 ⁴)
628 2105 688 2137 Ev.
713 2105 833 2137 Joann.
861 2103 915 2144 Vl,
941 2104 994 2138 51.

150 2160 183 2203 ⁵)
210 2159 277 2192 Csr.
307 2160 315 2190 l
344 2158 422 2191 Cor.
448 2160 490 2199 X,
515 2159 566 2194 17.
665 2160 700 2203 ⁵)
727 2161 785 2193 Ev.
812 2161 932 2193 Joanu.
956 2161 1029 2198 XV,
1059 2161 1085 2194 l.

150 2215 182 2258 7)
209 2216 332 2247 Jcrcm.
361 2215 400 2253 ll,
424 2214 478 2248 21.
574 2216 607 2259 ⁸)
637 2217 644 2247 l
673 2217 750 2248 Cor.
775 2217 818 2256 X,
844 2217 874 2249 sl.

151 2270 184 2315 ⁹)
211 2271 222 2301 l
248 2270 337 2303 Petr.
365 2271 409 2311 ll,
431 2270 463 2304 9.

848 2332 889 2366 18
907 2335 919 2348 '⁴
