1403 2492
169 103 235 138 102
508 103 620 136 Pe‘riu
645 102 819 136 Damus
847 102 975 135 Huss‘rn

168 193 446 238 appellaveritm*
483 192 597 225 Altera
623 192 760 237 querela
786 192 866 225 hacc
893 202 958 225 est:
985 192 1104 225 dixisse
1129 192 1315 236 Origenem

168 265 328 295 mortem,
353 267 439 300 quae
463 254 497 288 in
524 268 640 288 omnes
667 254 820 287 homines
845 254 1050 299 pertransiit,
1076 263 1222 287 mortem
1245 268 1315 287 esse

169 318 319 358 animae,
350 330 421 350 non
447 318 612 362 corporis.
669 317 798 350 Fateor
821 326 969 350 mortem
994 316 1089 349 illam
1115 316 1237 361 passim
1261 329 1316 349 ac-

171 379 238 424 cipi
264 380 305 412 ab
332 391 373 412 eo
398 392 462 424 pro
487 389 599 412 morte
625 377 779 424 peccati,
804 379 875 418 sed,
899 388 936 410 ut
961 378 1102 423 reliqna,
1131 378 1317 421 allegorico

168 454 282 474 sensu:
317 441 410 486 cujus
434 442 554 474 mortis
588 450 735 473 mortem
763 453 964 484 corpoream
989 442 1143 473 umbram
1168 440 1319 485 appellat

167 504 338 544 namt,
377 503 454 548 quia
491 496 724 548 »quocunque
757 502 815 535 illa
846 502 1038 543 incesserit,
1071 503 1156 536 hanc
1180 515 1318 535 necesse

170 575 219 598 est
238 566 422 610 subsequi,
447 565 539 597 velut
565 566 719 597 umbram
747 577 917 609 corpus3«
945 573 1046 609 atque
1071 564 1201 598 idcirco
1225 577 1319 597 mor-

168 637 264 660 tuum
298 627 400 661 fuisse
436 627 626 666 Christum,
666 627 743 672 quia
778 639 842 671 pro
869 626 968 659 nobis
996 628 1105 660 factus
1129 636 1317 672 est-pecca-

168 699 252 723 tum.
298 691 343 722 At
367 698 515 722 mortem
540 689 657 728 iliam,
691 701 791 734 quam
826 701 978 731 regnasse
1007 691 1049 722 ab
1076 690 1318 734 Adanrusque

168 752 210 784 ad
239 752 360 784 Mosen
384 751 430 784 ait
458 751 644 795 Apostolus
671 751 769 784 Rom.
799 751 846 790 V,
873 751 945 791 14„
977 761 1125 784 mortem
1151 750 1318 796 corporis,

169 822 203 846 et
227 814 424 846 descensum
450 814 490 846 ad
519 813 646 846 inferos
671 826 740 846 non
764 813 870 845 semel
895 813 1135 858 interpretatur
1151 813 1319 855 Origenes

171 875 246 908 libr.
272 876 312 909 V.
338 875 372 908 in
399 874 496 920 epist.
522 876 563 908 ad
588 876 710 915 Rom.,
735 884 816 919 puta
843 888 918 907 curn
944 875 990 908 ait
1015 889 1106 908 num.
1131 876 1163 909 4.
1193 874 1319 918 »Quo-

170 938 277 970 modo
302 950 398 977 sane,
425 937 476 969 vel
502 950 587 982 quae
612 937 852 984 condemnatio
878 938 912 971 in
940 951 1057 971 omnes
1082 937 1237 970 homines
1261 949 1319 969 ve-

171 999 259 1032 nerit
284 1000 467 1032 videndum
492 1009 558 1031 est:
584 1008 618 1031 et
641 999 799 1032 sufficere
823 1000 964 1033 forsitan
982 1009 1107 1044 potest,
1131 999 1318 1032 secundum

171 1062 362 1106 simplicem
402 1060 672 1106 expositionem,
711 1070 749 1093 ut
785 1061 958 1102 dicamus,
997 1061 1319 1094 condemnationem

180 1136 252 1157 esse
286 1123 448 1167 deliniv)
481 1135 698 1155 communem
730 1123 814 1157 hanc
846 1133 1012 1168 mortem,
1051 1136 1136 1168 quae
1162 1123 1321 1156 omnibus

173 1185 283 1225 venit,
318 1197 351 1217 et
383 1184 513 1224 veniet,
548 1184 678 1216 etiamsi
718 1184 797 1228 justi
830 1184 1046 1218 vide-amun«
1106 1185 1321 1218 Existimavit

175 1260 254 1288 ergo
282 1247 445 1289 Origenes
469 1259 539 1279 non
564 1256 743 1291 peccatum
774 1247 905 1286 solum,
941 1248 1035 1291 quod
1060 1260 1152 1280 mors
1177 1257 1226 1280 est
1251 1246 1322 1279 ani-

172 1322 258 1349 mae,
283 1310 342 1342 sed
367 1318 514 1342 mortem
536 1306 641 1342 'etiam
664 1321 866 1353 corpoream
892 1310 926 1342 in
948 1322 1050 1342 omne
1076 1321 1178 1352 genus
1204 1309 1323 1342 huma-

174 1384 253 1403 num
279 1385 342 1415 per
364 1371 490 1403 Adami
513 1371 644 1415 lapsum
670 1371 772 1403 fuisse
796 1371 1042 1412 transmissam,
1075 1372 1167 1416 quod
1199 1370 1322 1417 synodi

174 1432 394 1466 Tridentinae
419 1433 560 1465 decreto
585 1433 672 1465 Sess.
691 1433 721 1466 5.
750 1433 830 1466 Can.
847 1432 877 1466 2.
904 1433 1040 1477 penitus
1057 1442 1322 1466 consentaneum

175 1504 234 1527 est.
283 1495 322 1527 ld
346 1494 542 1533 Jamenius,
575 1494 668 1526 velut
692 1507 710 1526 a
734 1507 768 1526 se
801 1494 1019 1534 dissentiens,
1055 1493 1194 1527 minime
1228 1493 1325 1526 dissi-

174 1557 281 1590 mulat
307 1557 406 1590 Tom.
433 1557 470 1590 L.
503 1557 582 1589 libr.
608 1556 639 1591 3.
671 1569 745 1600 cap.
773 1557 824 1590 15.
880 1557 996 1590 Tertia
1029 1556 1221 1590 criminatio
1246 1555 1325 1588 talis

177 1628 238 1660 est,
263 1619 429 1653 censuisse
453 1619 693 1651 Adamantium
720 1628 867 1651 mortem
893 1618 998 1659 illam,
1024 1631 1110 1664 quae
1135 1618 1169 1651 in
1195 1631 1325 1658 omnes,

175 1681 266 1728 juxta
292 1681 438 1714 Paulum
464 1681 564 1713 Rom.
589 1670 636 1719 V,⁵
657 1681 728 1719 12,
753 1681 958 1725 pertransiit,
983 1681 1018 1713 in
1043 1680 1170 1714 multos
1193 1689 1323 1713 tantum

177 1743 427 1789 pertransiisse,
461 1742 518 1787 qui
545 1755 667 1786 nempe
695 1751 771 1774 actu
795 1752 1031 1787 peccaverunt.
1079 1742 1143 1776 Cui
1169 1741 1326 1774 crimina-

176 1805 264 1840 tioni
296 1815 413 1851 quarta
439 1817 597 1848 connexa⁴
614 1814 674 1844 est,
699 1796 813 1837 visum‘
832 1805 934 1837 fuisse
952 1805 1027 1849 ipsi,
1051 1813 1200 1837 mortem
1218 1804 1325 1843 illam,

178 1869 221 1902 de
249 1882 317 1913 qua
347 1868 473 1902 Paulus
498 1868 599 1899 Rom.
618 1867 657 1906 V,
686 1867 755 1906 14„
780 1880 849 1899 non
874 1867 908 1899 in
937 1879 1053 1899 omnes
1077 1879 1241 1908 regnasse,
1266 1867 1325 1900 sed

178 1931 211 1964 in
244 1944 302 1964 eos
337 1931 514 1969 duntaxat,
552 1933 609 1973 qni
635 1937 862 1973 peccaverunt
886 1927 920 1959 in
944 1927 1204 1961 similitudinem
1229 1941 1326 1973 prae-

179 1991 394 2026 varicationis
425 1992 530 2024 Adae.
584 1990 777 2034 Utrobique
810 1998 957 2022 mortem
989 1990 1121 2034 peccati
1146 1990 1325 2033 intelligit:

179 2068 216 2087 ac
241 2055 386 2098 proinde
417 2053 545 2098 pendet
576 2052 652 2085 hinc
691 2065 828 2096 quoquc
861 2052 977 2096 quinta
1009 2053 1197 2093 accusatio,
1233 2053 1325 2085 affir-

180 2129 286 2149 masse
312 2116 443 2160 ipsum,
467 2128 535 2148 non
562 2127 679 2147 omues
705 2113 875 2154 homines,
909 2116 969 2147 sed
994 2116 1121 2148 multos
1145 2115 1244 2147 unius
1269 2115 1326 2146 de-

179 2177 263 2211 licto
291 2187 485 2221 peccatores
510 2190 580 2209 csse
606 2177 759 2209 effectos.
808 2176 993 2218 Distinguit
1023 2186 1136 2210 autem
1162 2177 1325 2218 Origenes

281 2300 311 2342 1’)
338 2300 442 2333 Deest
469 2299 639 2333 »delicti«
669 2300 702 2332 in
729 2301 805 2332 edd.
831 2300 874 2333 H.
