1403 2492
386 73 697 104 onmes-{monum
722 70 836 102 Lmen
850 69 892 102 ΙῘ.
1131 70 1196 107 307

63 161 119 193 has
145 161 207 205 ipsi
233 160 499 192 conflictationes
523 158 726 200 Origenismi
749 158 898 202 suspicio
923 159 1067 204 peperit.
1108 161 1193 193 Nam

65 236 141 255 cum
168 222 371 264 Origeuistas
397 221 577 253 monachos
602 221 757 252 adversus
774 220 959 264 Theophili
979 221 1194 254 Alexandrini

66 284 201 329 injurias
226 293 386 323 tueretur,
410 283 442 316 in
455 282 682 326 suspicionem
700 281 791 313 venit
811 283 960 314 affectati
980 283 1194 324 origenismi,

67 346 229 391 variisque
254 345 378 377 artibus
397 344 594 388 episcopam
619 343 789 387 depulsus,
815 343 1112 389 Constantinopoli
1137 347 1194 378 de—

68 409 227 446 turbatus,
252 407 286 439 in
313 401 449 438 exilium
474 415 576 444 actus,
601 417 731 436 summa
756 417 793 437 ac
818 418 926 449 prope
954 405 1058 438 ferina
1082 419 1099 438 a
1116 408 1194 439 sub-

67 469 172 502 missis
189 469 389 501 satcllitibus
409 466 624 500 inclementia
648 466 808 505 adhibita,
833 467 1041 508 aegritudine
1058 469 1194 501 tandem

66 530 168 563 animi
202 543 239 562 ac
271 528 423 574 corporis
456 529 631 561 doloribus
663 527 842 559 exstinctus
875 538 940 567 est,
972 529 1194 575 Origenisque

66 593 287 625 calamitatem
325 601 358 624 et
388 592 557 623 fortunam
582 589 789 631 origenistas
820 599 1000 634 protegens
1023 590 1057 622 in
1081 605 1116 624 se
1142 605 1195 625 ex-

65 655 196 699 pressit.

155 715 229 747 VH.
276 714 471 746 Notandum
501 725 637 757 quoque
672 713 705 744 in
736 713 872 754 gratiam
903 713 1069 755 Origenis,
1094 728 1196 759 quae-

65 788 195 821 cunque
219 775 316 807 nobis
339 775 443 819 ipsius
468 774 600 806 exhibet
625 774 831 814 philocalia,
856 775 979 819 (multa
1002 786 1116 809 autem
1140 791 1195 811 ex-

65 839 167 878 hibet,
192 839 291 870 etiam
315 838 356 869 ab
383 837 453 881 ejus
478 836 751 868 criminatoribus
778 837 1007 882 reprehensa),
1033 839 1195 883 quoniam

62 913 79 933 a
105 899 272 941 Gregorio
297 899 478 940 Theulogo
514 907 547 930 et
579 897 706 930 Basilio
738 897 862 930 selecta
893 899 1102 932 Philocaliae
1132 915 1195 933 no-

62 962 152 994 mine
177 962 300 993 assecta
330 969 424 999 sunt,
456 959 609 1003 ipsorum
642 960 734 1004 quasi
765 960 925 1002 suffragio
959 970 991 993 et
1026 965 1195 1006 approba-

62 1024 154 1056 tione
178 1022 305 1055 munita
331 1022 449 1054 videri.
495 1023 581 1054 Nam
601 1021 627 1053 si
652 1035 745 1053 sccus
770 1023 811 1053 de
835 1022 874 1054 iis
898 1023 1088 1063 sensissent,
1114 1038 1194 1058 canc

64 1084 216 1129 ἐκλογὰς
240 1086 444 1128 χρησίμους
474 1087 548 1121 τοῖς
580 1083 791 1127 φιλολόγοις
815 1083 1000 1124 Gregorius
1030 1087 1196 1130 appellas-

64 1156 113 1179 set
136 1147 169 1178 in
194 1158 246 1190 ep.
272 1146 314 1176 ad
338 1145 560 1177 Theodorum
586 1145 758 1190 Tyancum
784 1144 1008 1188 episcopum?

154 1208 246 1240 Vlll.
295 1206 505 1247 Allegoricae
542 1215 718 1250 praeterea
755 1205 859 1250 ipsius
898 1206 1194 1252 interpretationes

63 1272 222 1303 Lectores
253 1281 493 1311 nonnunquam
524 1268 736 1299 fefellerunt:
778 1281 853 1299 cum
894 1268 984 1301 enim
1017 1283 1117 1315 saepe
1153 1273 1194 1304 ab

64 1331 274 1376 expositione
300 1330 416 1362 literae
441 1330 482 1361 ad
507 1329 716 1373 spiritualem
749 1342 882 1361 sensum
906 1330 953 1363 ita
977 1339 1133 1376 transeat,
1155 1344 1195 1367 ut

63 1394 115 1426 vix
139 1393 312 1437 utriusque
336 1390 562 1435 praecipiatur
593 1391 829 1431 commissura,
865 1391 1061 1433 allegoricas
1091 1393 1194 1427 inter-

62 1455 266 1500 pretationes
293 1454 481 1485 habuerunt
503 1465 567 1495 pro
593 1452 791 1493 dogmaticis
815 1453 1064 1494 assertionibus,
1091 1465 1124 1488 et
1147 1456 1194 1489 sic

61 1518 94 1550 in
123 1529 194 1555 eas,
232 1525 391 1559 tanquam
417 1514 574 1546 adversus
606 1526 708 1546 novas
741 1513 919 1558 opiniones
950 1515 986 1548 in
1017 1517 1194 1551 ecclesiam

62 1579 207 1611 invectas
231 1576 360 1608 velitati
383 1584 470 1610 sunt.

154 1639 214 1670 lX.
260 1639 331 1670 Nec
349 1636 459 1669 fraudi
481 1636 558 1668 huic
576 1649 644 1668 esse
660 1637 771 1676 debet,
796 1639 889 1681 quod
908 1638 1195 1684 Manichaeorum,

63 1700 343 1737 Sabellianorum,
368 1697 582 1737 Arianorum,
605 1697 908 1739 Eunomianorum,
925 1701 1194 1746 Anomocoruin,

62 1761 388 1804 Pelagianorumque
413 1768 518 1803 pater,
544 1768 576 1791 et
606 1759 758 1791 omniurn
784 1759 966 1794 haereseon
985 1763 1061 1796 fons
1077 1778 1095 1797 a
1111 1779 1195 1799 non-

63 1824 163 1857 nullis
193 1822 392 1867 appellatur.
439 1821 526 1853 Nam
555 1829 592 1852 ut
622 1821 663 1853 ad
697 1821 933 1863 confingendas
963 1825 1114 1859 haereses
1144 1827 1196 1861 in.

65 1887 234 1917 centivnm
268 1883 392 1927 scripta
426 1882 495 1928 ejus
533 1882 628 1914 malis
661 1882 805 1924 ingeniis
843 1884 1030 1918 subdidisse
1067 1888 1195 1931 demus,

66 1947 277 1978 lectorumne
303 1946 437 1989 culpam
462 1953 495 1976 et
518 1957 673 1988 perversa
698 1944 822 1990 judicia
846 1956 1015 1990 praestare
1040 1951 1197 1985 tenetur?

64 2008 231 2040 meritone
263 2007 352 2048 aegri
375 2006 539 2039 stomachi
565 2006 682 2038 vitium
707 2006 740 2038 in
765 2006 877 2039 cibum
901 2008 1069 2042 sincerum
1093 2020 1198 2047 trans-

65 2068 194 2102 fertur?
232 2069 305 2100 lmo
337 2081 437 2107 vero,
473 2081 622 2100 summae
655 2068 725 2113 ejus
757 2068 792 2100 in
820 2070 958 2103 ecclesia
990 2074 1196 2108 auctoritatis

66 2130 117 2163 vel
143 2144 180 2162 cx
207 2143 247 2162 eo
272 2128 514 2175 praejudicium
539 2130 624 2162 sumi
652 2139 781 2173 potest,
815 2132 907 2175 quod
939 2145 976 2165 ex
1001 2133 1105 2178 ipsius
1129 2138 1197 2169 suf-

63 2192 168 2234 fragio
194 2204 347 2234 magnam
372 2191 542 2224 erroribus
574 2190 640 2224 suis
664 2190 732 2223 vim
758 2193 918 2225 accedere
942 2203 1103 2239 putarunt
1129 2198 1198 2230 He—

41 2269 43 2273 ·
64 2253 231 2287 terodoxi.
279 2255 402 2286 Annon
427 2262 538 2286 autem
568 2253 785 2298 praecipuam
814 2254 979 2297 figmentis
1004 2256 1070 2291 suis
1095 2257 1197 2292 fidem

927 2316 1002 2351 20*
