1403 2492
402 69 714 102 Omommnonum
739 69 853 102 Lmen
877 69 922 103 11.
1171 70 1217 106 67

80 159 121 191 ad
146 158 245 191 Rom.
279 158 403 203 ἐπειδὴ
429 158 500 204 γὰρ
521 157 704 202 βάναυσοί
725 171 817 199 τινες
842 153 936 202 ἦσαν
957 159 1125 195 Ἰουδαῖοι
1151 164 1213 196 καὶ

80 221 328 265 ἐκλελυμένοι,
361 223 421 254 καὶ
451 219 541 264 πρὸς
565 219 674 259 αὐπές
698 220 761 259 τὰς
784 221 920 266 δωρεὰς
947 221 1212 258 ἀναπεπτωκό-

81 293 153 320 τες·
188 281 314 317 τούτου
340 280 494 327 χάρινὸ
526 279 638 328 νόμος
667 280 800 326 ἐδόθη,
834 285 897 317 ἵνα
929 283 1059 323 αὐτοὺς
1089 284 1213 333 ἐλέγξῃ

82 341 276 388 μειζόνως,
303 347 363 378 καὶ
387 343 515 392 διδάξῃ
540 345 667 388 σαᾳιῶς
694 345 734 378 ἐν
759 340 811 383 οἷς
835 347 914 384 εἰσι,
938 349 1000 380 καὶ
1019 344 1084 390 τὴν
1100 359 1212 389 κατη-

79 409 211 449 γορίαν
243 403 416 449 αὐξήσας,
449 406 646 453 ἐπισᾳίγξῃ
677 407 820 450 μᾶλλον
844 405 987 445 αὐτούς.
1042 407 1213 455 Hierony-

78 479 152 499 mus
179 466 213 499 in
237 466 332 511 epist.
358 467 400 500 ad
425 466 534 499 Galat.
561 466 621 518 ill,
645 466 701 503 21.
724 466 778 501 22.
808 468 904 501 „Nec
929 481 1009 501 vero
1035 468 1212 502 aestiman-

79 527 178 568 dum,
202 529 410 573 Scripturam
436 538 609 561 auctorem
635 541 704 561 esse
728 529 877 573 peccati,
910 529 988 575 quia
1015 530 1128 564 omnia
1150 531 1213 564 sub

80 599 221 634 peccato
248 590 448 624 conclusisse
473 590 619 623 dicatur:
645 604 721 623 cum
745 591 950 631 mandatum,
975 591 1068 636 quod
1085 604 1124 624 ex
1139 590 1214 637 iure

78 652 298 696 praecipitur,
331 652 484 685 ostendat
508 651 641 696 potius,
677 661 858 697 arguatque
882 661 1077 697 peccatum,
1114 665 1214 697 quam

75 712 119 745 sit
142 725 253 746 caussa
277 713 442 758 peccati«
501 713 704 755 Augustinus
730 714 805 747 libr.
831 714 863 749 2.
895 722 1002 747 contr.
1027 712 1214 754 Julianum‚

77 787 146 818 cap.
172 774 225 809 22.
283 774 484 817 »Originale
516 784 693 819 peccatum
724 788 794 809 non
826 775 964 820 quidem
994 785 1074 820 post
1104 775 1212 817 legem

78 835 203 876 crevit,
238 837 298 868 sed
328 846 440 870 tamen
475 837 526 869 lex
559 836 659 869 etiam
692 837 822 881 ipsum,
861 836 954 883 cujus
991 836 1215 869 abolitionem

75 896 332 942 circumcisione
362 897 498 931 infantis
533 898 752 941 significaret,
787 898 935 942 invenit3
967 898 1053 931 sicut
1087 898 1216 932 invenit

76 958 176 991 etiam
209 969 345 1003 peccata
375 959 602 1002 ignorantiae,
640 973 725 1006 quae
756 973 820 993 nec
843 960 917 1006 ipsa
944 961 1021 993 data
1044 960 1118 1003 lege
1144 973 1216 993 cre-

76 1029 211 1053 verunt:
253 1021 530 1066 quandoquidem
569 1021 684 1066 potius
721 1021 793 1066 ipsa
828 1021 1016 1064 ignorantia
1049 1021 1216 1055 diminuta

74 1090 143 1121 est,
168 1081 245 1126 quia
268 1082 406 1116 scientia
430 1083 512 1125 legis
536 1082 692 1116 accessit:
725 1083 785 1116 sed
816 1092 1014 1127 peccatum,
1048 1083 1119 1116 sine
1145 1095 1214 1129 quo

73 1155 175 1175 nemo
199 1144 364 1185 nascitur,
389 1145 495 1178 crevit
517 1144 702 1177 voluntatis
726 1157 877 1185 accessu,
910 1144 1065 1187 originali
1090 1157 1216 1177 concu-

74 1204 235 1247 piscentia
266 1206 417 1238 trahente
447 1216 625 1250 peccantes
663 1219 807 1240 assensu.
875 1206 1070 1240 Abundavit
1101 1215 1214 1238 autem

72 1275 270 1309 peccatum,
301 1267 337 1299 id
362 1277 429 1308 est,
459 1268 557 1300 nimis
589 1269 710 1308 crevit,
750 1277 971 1312 posteaquam
1003 1281 1066 1313 per
1102 1267 1214 1309 legem

74 1327 158 1360 sacta
184 1338 232 1360 est
259 1322 408 1370 cognitio
432 1329 575 1374 peccati,
601 1339 634 1362 et
659 1329 774 1373 coepit
797 1329 898 1362 etiam
923 1329 1212 1374 praevaricatione

73 1401 250 1431 peccare.«
300 1390 334 1423 S.
361 1391 510 1424 Thomas
534 1391 568 1423 in
596 1392 694 1424 Rom.
724 1391 761 1429 V,
786 1390 839 1424 20.
881 1391 1073 1423 «Secundo
1099 1399 1212 1422 autem

73 1460 184 1495 potest
207 1451 416 1496 responderi.
440 1461 477 1484 ut
495 1453 637 1491 dicatur,
662 1452 755 1496 quod
779 1454 851 1492 ἵνα,
875 1461 925 1492 ut,
951 1461 1104 1484 teneatur
1121 1464 1213 1483 enus-

73 1513 206 1553 saliter,
230 1513 275 1546 ita
300 1522 410 1546 tamen
437 1514 530 1558 quod
556 1514 718 1558 loquatur
734 1514 920 1558 Apostolus
947 1514 988 1545 de
1012 1512 1215 1545 abundantia

73 1575 207 1615 delicti,
243 1576 427 1608 secundum
462 1576 556 1620 quod
587 1585 637 1608 est
668 1575 703 1608 in
727 1585 841 1608 nostra
868 1574 1080 1616 cognitione3
1114 1583 1152 1606 ut
1176 1573 1216 1605 sit

65 1650 204 1670 -sensus:
241 1655 280 1669 »n
292 1638 359 1669 Lex
382 1636 602 1676 subintravit,
634 1647 671 1669 ut
703 1638 890 1670 abundaret
916 1635 1148 1669 delicturum«
1184 1635 1218 1667 id

75 1709 143 1739 est,
178 1708 216 1731 ut
253 1699 475 1730 abundantius
515 1698 678 1731 delictum
714 1707 992 1739 cognosceretur,
1030 1697 1213 1729 secundum

73 1761 212 1793 modum
237 1759 411 1803 loquendi,
437 1772 504 1803 quo
531 1759 654 1792 dicitur
671 1760 799 1804 aliquid
817 1760 901 1800 fieri,
927 1772 1002 1792 cum
1020 1757 1211 1791 innotescit.

75 1821 172 1854 Unde
195 1834 294 1866 supra
315 1822 344 1864 ¹)
370 1821 499 1854 dictum
525 1830 590 1859 est,
625 1822 718 1866 quod
754 1835 815 1866 per
846 1822 955 1863 legem
980 1829 1029 1852 est
1065 1817 1214 1861 cognitio

76 1883 239 1926 peccati.«
288 1883 389 1915 Juvat
421 1895 557 1927 quoque
590 1882 792 1924 Origenem‚
833 1883 925 1927 quod
954 1881 1056 1914 habet
1090 1879 1217 1912 ibidem

79 1944 114 1977 S.
132 1944 289 1984 Thomas,
314 1953 394 1988 post
420 1943 500 1985 legis
526 1943 832 1987 promulgationem
851 1943 1025 1975 ruentibus
1047 1941 1220 1974 nonnullis

78 2006 111 2037 in
137 2005 277 2037 vetitum
309 2006 423 2045 nefas,
456 2006 618 2049 quosdam
644 2006 685 2038 ad
709 2005 888 2037 meliorem.
916 2005 1043 2046 frugem
1068 2003 1218 2041 evasisse,

78 2067 112 2099 iu
138 2067 243 2111 iisque
270 2078 458 2110 repressum
478 2066 578 2099 fuisse
600 2077 786 2111 peccatum.
839 2066 1047 2099 »Sciendum
1071 2074 1216 2104 tamem«

74 2128 199 2173 inquit,
229 2146 244 2159 υ
256 2128 358 2172 quod,
382 2127 467 2160 sicut
493 2128 715 2172 philosophus
741 2128 822 2161 dicit
848 2128 881 2160 in
908 2127 961 2162 10.
983 2125 1105 2165 Ethic..
1131 2138 1211 2169 pro-

171 2246 202 2287 ·)
230 2245 299 2279 Csr.
326 2256 414 2280 tom.
448 2248 503 2289 111,
529 2249 582 2285 20.
