1403 2492
400 88 713 121 Omossmmonum
738 87 850 119 Lmen
876 87 919 119 ΙΙ.
1173 88 1211 123 71

84 176 186 209 Hom.
214 176 258 209 lX
294 176 328 208 in
353 176 460 209 Levit.
484 188 574 208 num.
600 175 652 209 11.
687 174 795 208 »Sive
820 189 899 217 ergo
925 174 1108 220 spiritualis
1132 178 1216 209 effe-

82 247 154 270 ctus
177 251 261 270 unus
287 251 362 270 cum
387 236 536 270 Domino
561 235 696 280 spiritus
719 236 793 269 fiat:
817 236 887 268 sive
912 249 973 281 per
996 239 1213 270 resurrectio—

80 299 131 331 nis
165 298 304 340 gloriam
339 298 371 331 in
408 298 602 340 angelorum
638 298 792 329 ordinem
824 306 985 332 transeat.
1023 308 1115 331 recte
1145 297 1211 344 jam

80 372 148 392 non
186 360 247 392 erit
273 361 395 393 homo:
429 360 485 392 sed
519 358 746 403 unusquisque
779 359 851 404 ipse
881 359 942 391 sibi
967 360 1032 392 hoc
1055 369 1211 404 praestat,

79 430 116 452 ut
141 422 191 453 vel
218 421 522 454 excedatvhominis
546 420 830 465 appellationem,
857 420 910 452 vel
934 421 1018 453 intra
1045 421 1210 454 conditio-

79 495 154 514 nem
186 481 282 527 hujus
314 483 469 515 vocabuli
503 492 717 515 censeatur:«
759 491 791 514 et
816 481 944 514 Homil.
972 483 995 514 l.
1028 483 1062 514 in
1086 483 1206 516 Ezech.

78 556 167 577 num.
191 543 223 578 3.
251 544 330 576 »Tu
357 557 456 584 vero,
480 544 601 583 homo,
633 557 734 588 quare
758 556 827 576 non
852 543 900 576 vis
924 543 1063 575 arbitrio
1089 553 1121 575 te
1146 553 1206 576 tuo

77 604 300 637 derelictum?
347 604 460 647 Quare
485 618 580 647 aegre
605 606 672 637 fers
697 605 776 645 niti,
803 606 966 644 laborare,
992 606 1206 645 contendere,

76 676 108 699 et
138 679 198 711 per
227 667 314 698 bona
351 679 456 711 opera
487 677 518 699 te
550 666 660 711 ipsum
695 679 842 700 caussam
866 676 944 699 tuae
970 665 1045 698 fieri
1069 666 1206 700 salutis?

75 729 128 760 An
149 726 250 770 magis
274 736 307 759 te
332 727 515 760 delectabit
539 728 782 769 dormientem,
818 738 851 760 et
882 728 916 760 in
948 727 1020 760 otio
1044 727 1205 760 constitu—

74 798 145 821 tum
169 798 302 820 aeterna
322 789 546 833 prosperitate
564 790 800 834 requiescere?
835 805 872 822 »n
882 789 982 822 Pater
999 789 1028 832 ¹)
1053 802 1200 827 meus,«‹t

74 850 180 895 inquit
204 850 374 883 Dominus
400 851 492 883 Iesus
519 851 686 891 Christus,
721 868 760 883 »n
771 864 876 896 usque
901 851 1006 883 modo
1033 859 1203 895 operatur,

71 921 105 944 et
129 925 190 954 ego
215 925 405 957 operorzu«
444 922 477 944 et
500 912 561 945 tibi
587 913 744 956 displicet
769 912 919 957 operari,
951 912 1008 957 qui
1033 913 1075 944 ad
1099 925 1204 957 opera

70 983 165 1006 natus
189 973 246 1006 es?
292 974 368 1006 Non
394 973 443 1005 vis
469 987 554 1018 opus
578 983 673 1006 tuum
698 974 770 1006 fieri
795 973 967 1019 justitiam,
992 974 1202 1019 sapientiam,

70 1035 276 1068 castitatem?
307 1036 384 1067 Non
409 1035 458 1067 vis
483 1049 567 1079 opus
594 1045 689 1068 tuum
716 1049 784 1068 esse
809 1036 1068 1078 fortitudinem,
1105 1036 1200 1069 alias-

71 1109 135 1141 que
160 1096 344 1130 virtutes?‹=
398 1097 577 1130 Manifesta
603 1111 737 1142 quoque
763 1097 821 1130 illa
845 1107 922 1130 sunt
961 1098 1035 1129 libr.
1063 1098 1092 1131 1.
1117 1100 1200 1142 περὶ

70 1158 206 1203 ἀρχῶν,
239 1171 310 1202 cap.
334 1160 365 1193 5.
390 1172 480 1191 num.
505 1160 536 1192 5.
573 1159 665 1190 »Per
689 1159 753 1190 hoc
779 1172 984 1202 consequens
1009 1169 1058 1191 est
1080 1158 1114 1191 in
1139 1172 1201 1191 no-

69 1220 118 1252 bis
143 1232 230 1257 csse,
259 1229 358 1264 atque
383 1220 415 1252 in
441 1219 564 1251 nostris
589 1221 754 1259 motibus,
787 1229 825 1252 ut
847 1220 899 1252 vel
924 1220 1012 1252 beati
1038 1229 1071 1252 et
1093 1219 1199 1252 sancti

67 1281 189 1320 simus,
223 1281 277 1312 vel
301 1294 362 1325 per
386 1281 548 1314 desidiam
573 1294 609 1313 ac
634 1282 866 1323 negligentiam
892 1295 908 1313 a
931 1281 1141 1313 beatitudine
1166 1281 1198 1313 in

69 1342 230 1374 malitiam
263 1352 296 1375 et
329 1342 557 1386 perditionem
588 1355 803 1383 vergamus:«
845 1352 944 1386 atque
980 1342 1098 1375 itidem
1136 1342 1198 1376 ista

67 1404 198 1436 Homil.
220 1403 363 1436 XXXV.
395 1403 428 1436 in
452 1404 531 1436 Luc.
560 1404 639 1436 »Da
664 1416 742 1445 ergo
768 1416 917 1447 operam.
942 1413 979 1436 ut
1002 1403 1155 1436 libereris
1178 1417 1197 1436 a

66 1464 238 1510 principe,
263 1465 305 1496 ad
330 1477 430 1509 quem
454 1473 487 1497 te
513 1464 613 1497 trahit
636 1465 854 1497 adversarius.
902 1466 954 1498 Da
980 1478 1136 1510 operam,
1158 1475 1197 1498 ut

65 1527 185 1559 habeas
207 1526 421 1570 sapientiam,
446 1524 626 1571 justitiam,
654 1526 909 1566 fortitudinem,
944 1537 1043 1572 atque
1065 1537 1195 1572 tempe—

65 1588 222 1621 rantiam:
260 1597 294 1621 et
328 1597 408 1620 tunc
439 1587 684 1631 complebitur:
729 1587 865 1620 »»Ecce
882 1588 915 1630 2)
940 1588 1062 1628 homo,
1092 1601 1196 1633 opera

67 1649 137 1694 ejus
159 1658 235 1682 ante
255 1648 374 1682 faciem
399 1662 559 1681 suam:««
587 1658 619 1681 et
642 1648 707 1681 hoc
733 1662 868 1694 quoque
892 1649 967 1683 libr.
986 1649 1015 1683 7.
1040 1650 1074 1682 ἰι]
1099 1650 1195 1694 epist.

65 1712 108 1743 ad
131 1712 230 1744 Rom.
255 1723 348 1743 num.
373 1710 425 1744 16.
463 1727 479 1742 n
491 1710 536 1742 Ut
565 1711 646 1743 boni
673 1710 763 1743 enim
787 1720 844 1743 aut
873 1711 955 1743 mali
978 1711 1098 1750 simus,
1134 1724 1195 1743 no·

66 1780 151 1804 strae
177 1771 357 1804 voluntatis
388 1779 454 1803 est:
484 1771 590 1803 malus
623 1780 734 1803 autem
764 1773 805 1804 ad
830 1772 1020 1818 cujusmodi
1044 1773 1193 1812 verbera,

66 1842 100 1865 et
121 1834 228 1866 bonus
253 1834 294 1866 ad
319 1832 508 1878 cujusmodi
532 1832 671 1874 gloriam
698 1833 900 1873 destinetur,
933 1833 1114 1867 voluntatis
1144 1843 1194 1866 est

67 1892 172 1925 Dei.«
218 1894 332 1926 Plenis
363 1907 443 1926 vero
475 1893 590 1926 buccis
620 1895 737 1926 eadem
769 1894 827 1926 illa
852 1895 1037 1927 deblaterat
1061 1907 1133 1939 cap.
1162 1895 1192 1929 1.

67 1954 142 1986 libr.
167 1954 197 1988 3.
221 1957 304 1999 περὶ
327 1955 467 2000 ἀρχῶν,
497 1968 565 2000 quo
597 1955 704 2000 capite
736 1955 927 1988 libertatem
956 1956 1084 1989 arbitrii
1107 1969 1194 1989 asse-

66 2016 204 2048 rendam
229 2025 262 2048 et
284 2018 559 2060 propugnandam
584 2017 745 2061 suscepit:
780 2016 827 2050 ibi
851 2018 976 2063 quippe
998 2017 1192 2050 tentationi-

66 2078 127 2109 bus
155 2077 314 2122 obsequi,
346 2078 399 2110 vel
424 2079 601 2118 obsistere,
633 2078 665 2111 in
690 2088 804 2111 nostra
827 2079 976 2124 positum
1001 2092 1071 2111 esse
1092 2088 1192 2124 pote-

65 2148 147 2171 state
173 2138 264 2178 dicit,
288 2151 349 2171 nec
372 2138 592 2172 necessarium
610 2141 649 2173 ad
678 2140 713 2173 id
735 2141 855 2183 gratiae
881 2141 1066 2174 subsidium
1089 2153 1191 2184 agno·

161 2262 189 2304 ')
215 2261 276 2294 EV.
303 2262 422 2296 Joann.
451 2264 490 2302 V,
517 2264 566 2298 17.
664 2266 696 2307 -’)
721 2267 788 2300 Cfr.
813 2264 911 2299 Jesai.
936 2265 1044 2304 LXll,
1070 2265 1120 2299 11.
