1403 2492
144 67 191 102 72
482 68 592 102 Pss‘rm
618 69 791 103 Damus
817 70 946 105 nuum

149 156 229 198 scit;
261 160 319 191 sed
345 160 488 203 quadam
513 169 641 193 tautum
668 161 878 203 eruditione,
913 174 996 207 quae
1021 160 1164 194 salubria
1190 161 1287 194 nobis

150 221 301 264 exempla
335 230 367 253 et
396 222 571 255 sanctioris
605 223 781 255 doetrinae
815 232 994 267 praecepta
1031 236 1094 268 pro
1133 232 1288 267 tempore

150 292 311 324 suggerat.

240 345 331 378 XIV.
370 345 477 389 Quod
501 346 528 378 si
552 346 675 389 gratiae
700 359 761 379 nos
787 358 883 388 egere
904 345 1034 379 auxiliis
1058 354 1214 388 agnoscat
1230 344 1291 377 ali-

151 407 306 450 quando,
341 407 478 450 gratiam
509 409 621 441 solum
654 408 836 441 voluntatis
871 418 1005 442 nostrae
1043 408 1290 453 pedissequam,

151 468 193 500 ad
218 467 355 514 ejusque
380 479 501 503 nutum
527 462 772 515 compositam,
809 480 842 503 et
867 484 929 516 pro
955 471 1084 503 meritis
1108 483 1125 502 a
1149 470 1227 503 Deo
1253 468 1287 502 in

153 529 306 563 homines
331 542 519 575 erogatam3
548 546 616 566 non
644 532 861 573 excitantem,
885 546 953 566 non
977 532 1075 575 gratis
1099 532 1211 565 datam
1235 531 1293 564 ad-

151 591 266 625 mittit.
314 594 417 627 Velut
450 594 484 628 in
517 608 588 640 cap.
614 594 644 629 9.
680 607 771 628 num.
797 595 828 629 2.
860 595 935 628 libr.
961 596 1004 628 Il.
1043 597 1126 640 περὶ
1155 593 1294 639 ἀρχῶν.

152 654 198 686 ait
225 655 460 690 »voluntarios
486 666 519 689 et
540 656 670 689 *liberos
698 647 827 689 motus!
845 670 862 689 a
885 669 920 690 se
954 657 1100 690 conditis
1125 656 1294 689 mentibus

153 726 341 750 creatorem
367 718 556 758 indulsisse,
581 731 650 763 quo
674 717 803 751 scilicet
826 720 954 751 bonum
972 718 1062 752 iniis
1080 718 1294 763 propositum

152 778 266 819 fieret,
303 794 380 812 cum
417 780 452 814 id
489 781 662 813 voluntate
688 780 826 825 propria
851 791 1084 814 servareturm
1126 790 1159 813 et
1184 780 1293 825 capite

153 841 268 885 priore
295 842 370 876 libr.
398 843 456 875 lll.
483 842 661 874 Paulinum
687 842 984 888 illud'exponens:
1024 843 1162 884 »nErgo
1181 842 1212 888 Ι)
1238 856 1295 875 cuv—

154 901 204 947 jus
229 905 301 937 vult
326 904 521 944 miseretur,
554 913 586 936 et
621 917 721 948 quem
754 906 826 949 vult
858 905 1059 947 indurat;««
1096 904 1235 937 minime
1262 905 1296 937 id

155 964 293 1008 quidem
319 966 396 998 Deo
420 966 635 1011 propositum
663 979 732 999 esse
758 968 877 1007 docet,
907 977 945 1000 ut
970 979 1174 1012 quemquam
1199 965 1297 999 indu-

156 1036 226 1065 ret,
258 1028 316 1060 sed
343 1041 404 1072 per
428 1029 556 1060 bonum
581 1027 797 1072 propositum
824 1029 983 1061 indurare
1016 1041 1092 1061 eum
1118 1028 1203 1068 dici,
1240 1028 1298 1072 qui

156 1088 348 1129 induratur,
384 1090 461 1134 quia
487 1103 524 1122 ex
551 1090 615 1122 hoc
640 1089 744 1134 ipsius
770 1090 950 1135 proposito
975 1089 1144 1135 sequitur,
1177 1099 1214 1122 ut
1238 1103 1299 1135 per

157 1149 386 1184 inhaerentem
410 1152 476 1184 sibi
499 1151 662 1184 malitiam
687 1152 746 1184 ille
772 1152 962 1185 induretur:
989 1165 1073 1198 quae
1090 1152 1136 1185 sie
1154 1165 1216 1197 pro
1239 1165 1298 1185 sua

161 1213 409 1247 consuetudine
435 1213 588 1246 dilatavit
612 1213 754 1246 Rufinus
779 1228 870 1248 num.
899 1214 950 1249 10.
980 1213 1084 1246 »Uno
1111 1214 1301 1258 eodemque

158 1283 314 1320 tempore
326 1277 361 1321 ²)
387 1278 480 1309 Deus
505 1275 642 1308 alterius
669 1276 806 1320 quidem
838 1275 1033 1316 miseretur,
1066 1285 1099 1308 et
1123 1275 1228 1308 alium
1251 1275 1302 1308 in·

159 1337 274 1378 durat,
307 1352 376 1371 non
401 1352 516 1381 agens,
553 1351 663 1383 neque
692 1340 826 1378 volens,
855 1347 893 1371 ut
929 1338 1108 1371 induretur
1131 1338 1210 1377 ille,
1242 1337 1300 1382 qui

160 1398 351 1433 induratur:
391 1401 449 1433 sed
481 1402 562 1433 dum
596 1400 655 1432 ille
672 1401 706 1445 ³)
740 1400 945 1442 benignitate
976 1412 1034 1432 sua
1071 1409 1104 1431 et
1139 1399 1301 1444 patientia

157 1460 280 1500 utitur,
312 1461 361 1495 his
387 1462 542 1507 quidem,
576 1462 634 1507 qui
667 1461 737 1507 ejus
769 1462 1011 1504 benignitatem
1044 1470 1076 1493 et
1100 1460 1297 1505 patientiam

160 1523 202 1555 ad
228 1533 436 1557 contemtum
469 1534 569 1570 atque
600 1522 814 1573 insolentiam
846 1524 990 1563 ducunt,
1025 1522 1201 1555 induratur
1230 1535 1301 1563 cor,

161 1585 243 1618 dum
260 1583 293 1630 ι)
318 1587 360 1619 ad
384 1586 570 1619 terminum
593 1599 705 1631 poena
729 1585 906 1618 differtur:
939 1585 972 1618 hi
997 1597 1098 1624 vero,
1123 1584 1182 1630 qui
1206 1584 1302 1617 beni-

159 1646 323 1689 gnitatem
356 1657 389 1681 et
419 1636 617 1693 patientiam
649 1649 719 1693 ejus
751 1647 793 1680 ad
826 1646 1042 1680 occasionem
1072 1646 1301 1691 poenitentiae

162 1710 288 1754 suae⁵)
323 1719 355 1743 et
386 1710 631 1744 emendationis
663 1710 851 1755 accipiunt,
889 1708 1158 1742 misericordiam
1184 1720 1300 1741 conse·

161 1781 347 1815 quuntur.«
406 1773 554 1806 Gemino
578 1772 711 1817 *deinde
743 1763 900 1816 exemplo
941 1770 1144 1804 luculentius
1175 1769 1208 1802 id
1242 1770 1300 1801 de-

161 1843 345 1877 monstrat;
379 1835 494 1880 priore
525 1834 663 1880 quidem
689 1833 796 1878 petito
830 1846 868 1866 ex
892 1833 996 1865 Hebr.
1022 1832 1087 1871 Vl,
1111 1831 1140 1865 7.
1165 1831 1215 1873 8.;
1255 1831 1301 1863 ait

163 1895 253 1928 enim
280 1897 427 1930 divinam
451 1897 591 1940 gratiam
615 1895 762 1929 similem
788 1907 858 1927 esse
883 1893 984 1926 imbri
1008 1902 1113 1926 terras
1137 1893 1300 1935 irriganfi,

163 1970 304 2001 quarum
341 1959 425 1992 aliae
455 1959 565 2004 spinas
598 1959 677 1992 dant
712 1966 745 1989 et
775 1955 938 1997 tribulos;
972 1964 1120 1998 segetem
1157 1955 1235 1988 illae
1267 1964 1300 1988 et

258 2094 291 2137 ¹)
319 2094 388 2127 Cfr.
415 2096 514 2127 Rom.
540 2094 600 2134 IX,
627 2093 678 2128 18.
773 2092 808 2136 ²)
833 2091 896 2124 Ed.
922 2089 1046 2123 Ruaei:
1074 2102 1238 2135 »operem

257 2150 291 2194 3)
317 2150 404 2183 Edd.
429 2150 561 2184 Huetli:
590 2149 723 2194 »lpse«

259 2204 292 2250 ⁴)
318 2206 379 2240 Ed.
404 2207 529 2240 Ruaei:
558 2207 667 2239 »dum
692 2204 871 2238 criminum
897 2216 1031 2249 poena«
1059 2212 1120 2235 etc.

271 2262 303 2306 5)
327 2262 431 2296 Deest
461 2276 591 2297 »suae«
619 2262 652 2295 in
678 2263 754 2297 edd.
787 2261 828 2294 Η.
