1403 2492
378 117 692 151 Omemmmonun
713 116 828 149 Lmen
854 116 893 148 11.
1141 117 1184 152 69

54 216 249 252 repetantur
280 206 398 246 altius,
440 205 613 240 sciendum
644 215 693 238 est
716 205 918 245 Basilidem,
952 203 1181 248 Valentinum,

58 268 288 306 Marcionem.
325 268 474 312 aliosque
496 266 597 312 prisci
622 267 695 299 aevi
719 266 934 305 Haereticos,
958 265 1100 309 ipsoque
1126 278 1181 298 ve-

53 330 209 363 tustiores
223 329 379 371 Origene,
404 341 550 362 caussam
573 337 830 373 perscrutantes,
857 327 1076 372 quamobrem
1094 326 1179 359 alios

51 391 146 424 Deus
169 391 209 423 ad
234 391 377 432 gloriam
400 389 560 428 destinet,
585 390 667 422 :ilios
691 389 802 433 perire
826 388 926 427 sinat,
962 388 1063 421 nullis
1086 388 1178 433 ipso-

51 465 126 484 rum
153 451 429 496 praecedentibus
459 450 605 488 meritis,
638 450 872 494 ,Jacobumque
898 450 1008 482 adhuc
1032 449 1065 482 in
1090 449 1178 482 uteri

51 512 201 546 claustris
223 512 457 545 absconditum
482 511 654 551 dilexerit,
683 511 772 544 Esau
796 523 877 542 vero
909 510 1035 542 ibidem
1060 511 1181 543 delite-

49 583 198 607 stentem
232 573 313 606 odio
345 573 517 613 babuerit3
552 573 761 617 praeclarum
792 571 881 604 istud
906 571 1068 604 invexisse
1094 572 1177 604 deli-

49 635 156 675 rium,
177 635 330 667 homines
354 646 422 666 non
454 633 550 666 unius
576 645 646 666 esse
673 632 889 679 ejusdemque
912 633 1001 666 inter
1023 645 1059 666 se
1081 642 1177 665 natu-

49 709 122 737 rae,
152 697 210 729 sed
234 694 316 728 alios
342 708 412 727 esse
436 693 720 739 πνευματικούς,
754 693 840 726 alios
866 693 1060 739 ψυχικοὺς,
1092 706 1177 739 σειρ-

47 754 170 796 κικούς
190 755 294 796 alios,
324 769 383 788 seu
402 756 570 801 χοϊκοὺς·
605 765 704 800 atque
735 755 780 788 ita
803 756 844 787 ad
869 755 969 788 vitam
996 755 1178 788 destinatos

47 830 117 850 esse
141 817 423 862 πνευματικούςς
446 817 491 850 ita
517 818 559 849 ad
582 817 753 850 interitum
778 815 980 861 σαρκικοί-ς,
1007 826 1045 849 ut
1068 817 1178 861 quod-

47 892 180 924 cunque
203 879 339 911 tandem
369 879 616 923 amplectantur
646 878 731 910 vitae
761 891 882 919 genus,
920 879 1175 923 quibuscunque

46 941 177 974 tradant
207 953 242 972 se
275 940 327 971 vel
360 939 556 978 virtutibus,
596 940 649 972 vel
680 939 787 979 vitiis,
820 940 1008 972 necessario
1032 940 1175 972 salutem

46 1002 117 1041 illi,
140 1001 174 1034 hi
198 1011 443 1045 consequantur
466 1011 629 1041 mortem;
656 1001 833 1046 ψυχικοί-ς
858 1015 937 1034 vero
957 1014 1019 1046 pro
1048 1001 1175 1033 meritis

46 1064 208 1097 alterutro
233 1064 394 1096 donatum
428 1062 478 1095 iri.
533 1062 629 1105 Quae
663 1072 853 1095 commenta
879 1076 953 1095 curu
979 1063 1173 1107 Scripturae

45 1138 155 1158 sacrae
191 1124 333 1157 decretis
363 1124 531 1157 adversari
562 1125 670 1168 probe
703 1124 905 1166 intelligeret
942 1124 1174 1163 Adamantius,

47 1199 153 1231 eaque
177 1185 248 1230 jure
272 1186 539 1224 exhorresceret,
574 1186 705 1217 fumum
730 1185 877 1226 fugiens,
910 1186 1005 1229 quod
1028 1185 1097 1218 dici
1120 1198 1175 1217 so—

47 1248 104 1287 let,
127 1247 161 1279 in
185 1246 294 1288 ignem
312 1246 448 1287 incidit3
473 1246 771 1290 absurdioremque
788 1247 986 1279 sententiam
1002 1248 1174 1291 amplexus

48 1318 114 1348 est,
143 1320 227 1353 quae
249 1308 434 1339 animarum
467 1309 582 1339 statuit
607 1306 853 1353 προΐηαρξιν,
884 1320 1049 1352 quamque
1074 1320 1172 1351 supra

46 1369 291 1412 exagitavimus.
340 1368 473 1400 Animas
496 1368 609 1412 itaque
634 1369 763 1401 censuit
786 1368 894 1410 longis
918 1381 1083 1401 annorum
1101 1382 1174 1401 cur·

45 1431 162 1465 riculis
184 1440 294 1469 recte,
321 1430 375 1462 vel
399 1429 486 1462 male
511 1430 647 1462 traditas
671 1430 736 1462 sibi
759 1443 778 1462 a
801 1430 877 1462 Deo
902 1430 1093 1474 provincias
1117 1430 1175 1462 ad—

43 1493 262 1534 ministrasse,
286 1504 326 1524 ae
349 1490 438 1537 juxta
461 1492 661 1524 meritorum
685 1504 825 1524 suorum
848 1505 1037 1524 mensuram
1062 1491 1172 1524 varios

46 1553 220 1598 variosque
236 1565 255 1585 a
272 1553 350 1585 Deo
376 1552 542 1597 recepisse
558 1553 681 1594 gratiae
704 1554 843 1595 modos3
868 1553 1011 1597 hincque
1036 1565 1172 1585 omnem

46 1614 206 1648 exstitisse
228 1613 472 1654 diversitatem,
513 1627 596 1658 quae
628 1614 798 1654 homines,
834 1624 872 1647 ut
894 1614 1056 1658 Apostoli
1077 1627 1174 1646 more

48 1677 178 1721 loquar,
203 1675 371 1715 discernit,
395 1685 571 1720 antequam
596 1676 679 1708 boni
702 1676 892 1721 quicquam,
917 1675 970 1707 vel
994 1675 1074 1707 mali
1098 1688 1172 1716 ege-

47 1737 121 1770 rim.
175 1737 360 1770 Doctrinae
398 1737 494 1782 hujus
526 1738 723 1770 assertiones
760 1747 793 1769 et
819 1746 1012 1780 argumenta
1047 1745 1174 1769 exstant.

48 1798 124 1836 libr,
150 1798 178 1834 1.
202 1801 285 1843 περὶ
309 1798 448 1843 ἀρχῶν,
473 1811 544 1843 cap.
570 1799 600 1832 7.
625 1812 715 1831 num.
740 1799 793 1837 4.,
825 1809 858 1831 et
881 1799 955 1830 libr.
981 1798 1012 1832 3.
1043 1811 1116 1841 cap.
1142 1798 1171 1832 1.

50 1872 139 1892 num.
161 1859 215 1894 20.
238 1860 294 1895 21.
317 1859 371 1893 22.
406 1859 588 1903 (Philocal.
617 1873 688 1904 cap.
714 1860 840 1901 XXI.)‚
864 1860 945 1892 item
977 1859 1056 1891 libri
1085 1857 1169 1903 ejus-

48 1922 126 1953 dem
150 1919 239 1952 tertii
269 1933 339 1964 cap.
364 1920 394 1955 3.
419 1934 511 1954 num.
535 1922 567 1957 5.
600 1930 633 1953 et
658 1920 732 1954 libr.
758 1921 787 1954 7.
818 1921 852 1953 in
876 1921 973 1965 epist.
1003 1921 1046 1953 ad
1070 1921 1171 1954 Rom.

48 1994 142 2014 num.
168 1980 219 2014 15.
244 1979 297 2015 16.
323 1982 374 2016 17.
408 1992 440 2014 et
463 1982 537 2015 libr.
561 1982 593 2017 9.
623 1996 716 2017 num.
740 1982 771 2016 2.
797 1982 827 2017 3.
882 1982 979 2025 Quae
1012 1982 1174 2027 quoniam

49 2044 122 2076 fuse
153 2041 219 2086 jam
248 2054 348 2086 supra
379 2043 592 2087 exposuimus
618 2043 755 2087 Quaest.
779 2045 857 2083 VL,
894 2045 1015 2076 iterum
1046 2044 1173 2077 referre

48 2104 131 2138 nihil
155 2103 282 2135 attinet.
336 2103 472 2136 Nonum
502 2106 607 2137 modo
638 2105 777 2139 secundi
808 2105 887 2138 libri
917 2106 959 2138 de
992 2105 1174 2152 Principiis

50 2175 149 2210 caput
172 2163 274 2206 relegi
299 2163 420 2203 velim,
448 2165 483 2196 in
513 2166 603 2210 quod
629 2167 792 2211 dispersas
814 2167 896 2200 alibi
919 2168 1091 2201 doctrinae
1115 2168 1175 2200 hu-

50 2226 100 2272 jus
123 2225 301 2271 particulas
326 2226 424 2270 plena
448 2239 548 2259 manu
571 2228 749 2270 congessit:
774 2242 850 2261 nam
867 2239 1046 2273 postquam
1063 2229 1173 2262 diver-

50 2301 100 2340 sas
129 2288 203 2321 illas
231 2296 363 2320 naturas
386 2288 427 2320 ab
452 2287 636 2322 Haereticis
665 2302 765 2333 supra
795 2290 974 2323 nominatis
1005 2291 1175 2329 confictas,
