1403 2492
395 58 707 93 Omenumnonnm
740 59 852 92 mez
876 58 921 91 Π.
1156 57 1220 92 281

92 157 208 181 contra
233 148 478 189 Gardinerum,
501 149 590 181 unde
617 162 762 181 caussam
786 161 879 181 snam
903 160 973 180 non
997 159 1115 190 parum
1141 159 1223 179 con-

90 210 216 242 firmari
240 220 344 254 putat.
393 210 494 243 Prior
516 210 610 242 locus
625 211 822 255 depromtus
848 220 894 242 est
921 222 958 241 ex
984 208 1222 240 Hon·i1.XVl.

91 270 124 303 in
151 273 248 304 Num.
273 284 364 304 num.
390 271 422 305 9.
472 271 614 304 »Bibere
641 271 786 304 dicimur
805 272 834 314 1)
868 269 1060 312 sanguinem
1086 269 1223 308 Christi,

90 346 157 365 non
182 334 292 365 solum
317 341 602 365 sacramentorum
628 333 706 372 ritu,
729 334 788 365 scd
816 342 849 364 ct
866 346 942 365 cum
956 344 1128 364 sermones
1152 329 1222 375 ejus

90 393 289 439 recipimus,
316 394 348 426 in
375 394 495 438 quibus
520 393 586 426 vita
611 393 781 433 consistit,
817 394 903 426 sicut
928 402 961 426 et
987 393 1059 437 ipse
1094 391 1220 424 dicitu<

94 456 246 488 anerba
258 456 291 500 ²)
324 467 408 500 quae
442 455 574 487 locutus
599 468 691 495 sum,
715 455 852 499 spiritus
877 464 909 487 et
935 455 1001 487 vita
1027 463 1129 487 est.««
1181 456 1225 485 At

90 517 264 550 manifeste
289 518 370 550 facit
393 517 479 550 illud
503 530 566 561 pro
586 516 761 549 Catholica
783 529 913 558 caussa3
937 529 1013 549 nam
1037 528 1224 548 sacramen-

90 579 192 611 talem
223 579 389 621 sanguinis
421 577 547 611 Christi
577 578 788 622 potationem
813 579 854 610 ab
880 577 943 610 alia
967 577 1130 617 secernit,
1158 589 1223 621 qua

90 642 228 685 verbum
256 641 378 674 Christi
402 641 538 672 auribus
564 649 596 671 et
621 649 744 679 mente,
767 639 932 684 spirituali
952 639 1098 684 quodam
1117 638 1222 670 modo

88 701 227 737 bibitur.
282 703 353 735 Nec
368 702 401 746 3)
432 703 508 746 plus
548 701 635 733 valet
668 714 731 745 pro
768 700 1035 734 adversariorum
1073 700 1224 745 partibus

184 836 216 879 ¹)
242 836 305 869 Ed.
325 836 460 869 Huetii:
488 837 641 870 dicimus.

181 893 216 937 ²)
242 893 301 925 Ev.
327 893 449 926 Joann.
474 894 533 933 Vl,
558 893 614 928 63.

181 947 215 994 ³)
240 949 318 981 Non
342 949 446 991 magis
459 950 572 982 favent
592 949 809 983 heterodoxis
828 960 912 993 quae
930 956 1008 992 post
1026 947 1106 979 haec
1123 947 1225 978 verba

88 1004 169 1038 Mss.
195 1005 305 1039 Codd.
331 1006 530 1039 auctoritate
554 1006 588 1038 in
614 1015 740 1038 textum
759 1004 984 1038 restituimus:
1012 1003 1108 1035 »Non
1135 1001 1224 1034 enim

88 1074 209 1105 panem
235 1061 333 1093 illum
360 1061 538 1102 visibilem,
564 1075 663 1107 quem
689 1063 825 1094 tenebat
848 1061 882 1092 in
906 1059 1072 1098 manibus,
1100 1071 1223 1102 corpus

88 1130 184 1149 suum
213 1117 346 1149 dicebat
371 1118 465 1150 Deus
490 1119 658 1157 Verbum,
690 1118 749 1150 sed
774 1118 943 1156 Verbum,
975 1114 1009 1146 in
1036 1113 1129 1159 cujus
1153 1127 1225 1160 my-

90 1174 193 1205 sterio
219 1174 328 1205 suerat
352 1173 447 1216 panis
472 1174 530 1206 ille
555 1174 766 1215 frangendus.
815 1174 886 1205 Nec
910 1181 1031 1216 potum
1055 1171 1152 1202 illum
1175 1169 1223 1201 vi-

90 1229 223 1262 sibilem
255 1229 449 1271 sanguinem
474 1243 572 1261 suum
597 1230 748 1268 dicebat,
779 1230 837 1261 sed
871 1228 1029 1266 verbum,
1063 1227 1096 1258 in
1129 1225 1223 1270 eujus

89 1286 253 1331 mysterio
280 1296 381 1330 potus
407 1285 464 1317 ille
489 1287 598 1319 fuerat
624 1286 857 1318 effundendus.
906 1286 991 1317 Nam
1019 1297 1141 1328 corpus
1156 1283 1224 1315 Dei

90 1342 211 1382 Verbi,
235 1352 291 1375 aut
316 1343 464 1384 sanguis,
495 1342 578 1386 quid
608 1343 700 1374 aliud
733 1355 801 1374 esse
834 1349 965 1386 potest,
995 1340 1059 1372 nisi
1085 1341 1224 1371 verbum

90 1399 182 1443 quod
208 1398 324 1437 nutrit,
350 1407 383 1430 et
407 1399 558 1438 verbum,
583 1400 676 1443 quod
703 1399 859 1431 laetificat
884 1397 990 1430 cor?«
1029 1396 1109 1428 Tria
1133 1395 1224 1427 enim

87 1454 142 1486 hic
168 1453 333 1496 Origenes
358 1467 434 1485 cum
459 1455 638 1487 Veteribus
663 1456 862 1500 quibusdam
886 1454 918 1486 in
942 1451 1151 1486 Eucharistia
1175 1451 1226 1483 di-

89 1509 243 1552 stinguit:
282 1522 405 1554 nempe
448 1511 596 1555 speciem
631 1521 799 1544 externam
833 1510 985 1543 sensibus
1016 1507 1225 1553 subjectam3

89 1565 308 1599 substantiam
333 1566 420 1599 intus
446 1567 616 1607 latentem,
643 1577 675 1600 et
698 1568 773 1600 solo
807 1566 887 1599 fidei
919 1565 1073 1598 contuitu
1104 1566 1225 1608 adspe-

90 1622 266 1663 ctabilem3
300 1632 332 1654 et
363 1623 536 1669 mysticam
571 1624 738 1668 quandam
772 1621 980 1657 Sacramenti
1010 1621 1224 1663 significatio-

89 1691 177 1711 nem.
229 1678 278 1710 Ad
305 1687 434 1721 partem
461 1689 629 1711 externam
655 1681 762 1712 oculis
785 1688 1015 1725 apparentem,
1042 1687 1074 1709 et
1100 1677 1224 1710 Christi

90 1734 243 1766 manibus
269 1744 511 1767 contrectatam
536 1735 690 1780 respicit,
717 1749 792 1768 cum
818 1735 879 1767 ait:
919 1736 1015 1767 »Non
1048 1734 1135 1766 enim
1167 1746 1226 1777 pa-

90 1804 167 1823 nem
192 1791 287 1822 illum
315 1790 498 1831 visibilem,
531 1805 630 1836 quern
665 1793 799 1823 tenebat
828 1792 861 1822 in
895 1791 1067 1829 manibus,
1101 1803 1225 1833 corpus

91 1859 188 1878 suuni
214 1847 347 1879 dicebat
377 1847 470 1879 Deus
499 1847 666 1889 Verbum,
698 1848 758 1879 sed
788 1848 956 1886 Verbum,
992 1846 1026 1878 iu
1061 1846 1154 1891 cujus
1181 1866 1222 1871 -—

90 1904 301 1945 frangendus.
348 1904 417 1935 h'ec
440 1912 559 1946 potum
585 1904 682 1936 illum
709 1903 886 1942 visibilem,
910 1902 1103 1943 sanguinem
1128 1916 1225 1935 suum

92 1961 256 1992 diceban«
307 1959 532 1992 Substantiam
547 1961 608 1992 sub
634 1969 767 1992 externa
791 1959 903 2003 specie
924 1959 1083 1991 latentem
1109 1969 1224 2002 aperte

93 2019 242 2059 designat
266 2026 336 2049 tum
361 2016 410 2048 his
435 2016 714 2060 praecedentibus
740 2015 865 2047 verbis:
896 2015 1098 2055 »l’ani5iste‚
1124 2028 1225 2060 quem

91 2075 184 2106 Deus
208 2073 359 2105 Verbum
386 2085 508 2115 corpus
527 2085 624 2104 suum
650 2085 719 2104 esse
736 2072 870 2111 fatetur,
895 2091 948 2111 ——,
970 2080 1003 2103 et
1027 2080 1128 2115 potus
1154 2072 1226 2122 iste,

93 2142 193 2174 quem
218 2129 312 2160 Deus
336 2129 485 2160 Verbum
516 2128 710 2169 sauguinem
742 2142 839 2160 suum
871 2130 1038 2160 fateturzu
1073 2137 1144 2160 turn
1178 2128 1226 2160 his

92 2184 323 2229 subsequentis
355 2184 505 2216 articuli:
543 2184 605 2216 »Et
640 2184 788 2216 ostendit
821 2184 976 2228 (Jesus),
1007 2185 1141 2228 quando
1169 2197 1225 2216 cos

92 2240 320 2286 (discipulos)
347 2241 410 2272 boc
443 2253 527 2284 pane
553 2240 674 2279 nutrit,
708 2241 885 2285 proprium
919 2254 987 2274 csse
1014 2253 1146 2284 corpus,
1177 2261 1224 2271 —.
