1403 2492
366 117 672 150 Omessmmonum
699 113 811 145 Lmen
838 113 881 146 ll.
1145 113 1188 147 73

61 211 187 242 fructus
220 209 352 248 serunt3
383 219 445 252 pro
472 204 558 238 varia
590 203 719 236 scilicet
744 202 893 241 cultura,
930 202 1080 247 quamvis
1104 202 1189 248 ejus-

61 273 137 303 dem
163 270 227 302 siut
250 279 396 302 naturae.
443 267 562 300 Terras
587 265 711 310 itaque,
741 264 805 296 hoc
830 272 879 295 est
902 264 1038 303 animas,
1063 266 1104 297 ad
1130 279 1189 297 vo-

62 331 195 364 luntatis
228 331 401 364 arbitrium
433 328 539 361 excoli
572 337 604 360 et
635 325 745 371 parari
783 334 895 370 put-'tu
932 326 1075 359 imbrem
1107 340 1188 360 vero

60 394 280 438 postmodum
305 406 323 425 a
349 392 422 424 Deo
446 390 588 423 infundi.
646 389 741 421 Idem
770 389 893 432 probat
917 389 1072 432 exemplo
1097 388 1188 428 solis,

61 455 118 500 qui
142 468 206 488 una
230 453 412 498 eademque
437 452 511 484 luce
537 460 570 484 et
594 451 705 484 calore
723 450 843 483 limum
861 449 1006 489 indurat,
1029 459 1062 482 et
1079 463 1188 483 ceram

63 515 252 561 liquefacit:
280 528 374 548 »non
391 514 483 558 quod
499 514 603 545 virtus
622 512 702 559 ejus,
711 525 728 540 «
747 511 840 544 addit
856 511 998 543 Rufinus
1014 524 1106 544 num.
1125 512 1190 552 11„

63 577 188 610 »aliter
209 577 243 609 in
270 576 370 615 limo,
394 585 426 608 et
450 575 546 608 aliter
570 583 731 618 operetur
753 573 787 606 in
812 585 904 614 cera;
927 573 986 605 sed
1006 573 1099 617 quod
1118 573 1191 605 limi

60 639 135 678 alia,
160 638 225 671 alia
249 649 384 683 quoque
409 649 502 669 cerae
527 637 570 669 sit
593 636 746 681 qualitas,
771 648 847 668 cum
870 634 989 679 utique
1005 636 1190 667 secundum

60 709 211 732 naturam
235 712 338 732 unum
361 698 417 738 sit,
454 698 531 743 quia
554 707 735 742 utrumque
767 698 808 729 de
832 706 920 729 terra
945 706 1028 732 est.‹<
1076 698 1191 743 Expo-

60 760 110 794 nit
135 761 273 800 deinde,
298 761 473 805 quomodo
499 761 628 793 auferat
652 773 670 792 a
693 759 791 792 nobis
804 759 898 791 Deus
924 771 984 791 cor
1007 760 1190 804 lapideum,

62 832 96 855 et
117 821 277 855 immittat
302 835 476 854 carneum:
501 835 624 867 nempe
645 823 842 854 subversum
866 819 908 853 iri
926 831 1038 854 censet
1054 822 1190 855 liberta-

60 893 127 917 tem
165 883 312 924 arbitrii,
348 883 374 916 si
406 884 566 928 potestati
598 883 728 916 divinae
753 883 863 916 cordis
888 883 1109 916 mutationem
1133 885 1192 917 tri-

59 947 219 979 buamus:
250 949 322 978 tum
354 945 538 978 sententiae
568 959 646 979 suae
679 945 905 990 explanandae
931 958 1058 985 caussa,
1094 946 1193 978 indov

60 1017 150 1040 ctum
181 1007 328 1051 aliquem
358 1007 459 1040 sumit
489 1008 523 1040 in
557 1008 766 1052 exemplum,
798 1006 856 1051 qui
881 1006 935 1038 vel
959 1006 1102 1040 aliorum
1134 1009 1191 1041 ad-

59 1067 325 1108 hortationibus,
364 1069 417 1101 vel
447 1069 583 1102 aliunde
614 1069 818 1114 imperitiam
860 1081 954 1101 suam
990 1068 1192 1111 intelligens,

60 1130 233 1162 erudiendi
259 1143 371 1163 caussa
395 1131 524 1162 accedit
548 1132 589 1163 ad
615 1132 810 1170 doctorem3
835 1130 957 1161 doctor
975 1143 1055 1163 vero
1074 1132 1194 1165 volun-

62 1201 128 1224 tate
160 1191 230 1237 ejus
261 1201 435 1236 perspecta
467 1192 640 1225 doctrinae
670 1205 749 1225 suae
781 1200 960 1236 praecepta
991 1192 1192 1226 traditurum

61 1264 96 1285 se
120 1252 339 1297 polliceatur:
375 1251 511 1296 Οὕτως,
546 1253 655 1298 inquit
685 1267 776 1286 num.
802 1253 875 1292 15.,
912 1251 929 1287 ὁ
957 1257 1056 1292 θεῖος
1086 1254 1195 1300 λόγος

63 1314 319 1359 ἐπαγγέλλεται
353 1316 424 1348 τῶν
448 1315 676 1360 προσιόντων
702 1314 764 1357 τὴν
795 1318 926 1348 κακίαν
950 1315 1116 1359 ἐξαιρεῖν,
1152 1315 1196 1360 ἣν

63 1375 230 1419 ὠνόμασε
257 1376 410 1420 καρδίαν
441 1379 602 1418 λιθίνην,
645 1376 724 1420 οὐχὶ
757 1377 906 1410 ἐκείνων
936 1375 986 1418 μὴ
1011 1381 1191 1423 βουλομέ-

65 1450 154 1478 νων,
186 1436 258 1471 ἀλλ’
287 1436 433 1476 ἑαυτοὺς
457 1441 505 1482 τῷ
530 1439 642 1482 ἰατρῷ
666 1439 739 1472 τῶν
763 1435 978 1483 καμνόντων
1008 1451 1192 1484 παρεσχη-

62 1496 189 1533 κότων.
238 1498 342 1542 Quasi
366 1511 435 1530 non
460 1511 478 1530 a
502 1498 578 1531 Deo
604 1499 783 1532 habeamus
813 1500 880 1532 hoe
911 1498 1039 1543 ipsum,
1072 1510 1110 1533 ut
1140 1515 1195 1534 ac·

62 1560 200 1600 eedere',
224 1569 263 1593 ut
286 1560 393 1593 sanari
418 1560 570 1593 velimus.
628 1561 761 1594 Similia
784 1570 860 1593 sunt
884 1573 968 1605 quae
991 1573 1193 1606 sequuntur:

63 1624 135 1656 Καὶ
166 1622 257 1662 ἔστι,
302 1621 378 1667 (χέρ’
415 1624 545 1666 ιῗπεῖν,
584 1622 622 1657 τὸ
662 1622 744 1662 τοὺς
775 1621 934 1668 τύᾳλους
975 1623 1192 1669 ἀναβλέψαι,

64 1684 191 1730 ἔργον,
215 1682 304 1718 κατὰ
329 1684 398 1729 μὲν
421 1683 460 1718 τὸ
487 1683 692 1726 ἠξιωκέναι,
717 1685 789 1719 τῶν
810 1684 1055 1720 πιστευόντων
1079 1687 1195 1722 δύνα-

66 1749 151 1779 σθαι
185 1743 474 1789 θεραπεύεσθαι·
515 1743 604 1778 κατὰ
637 1746 676 1779 δὲ
717 1745 782 1789 τὴν
812 1745 1108 1783 ἀποκατάστασιν
1137 1752 1197 1793 τῆς

67 1805 240 1851 ὁράσεως,
274 1807 336 1840 τοῦ
371 1807 528 1851 σωτῆρος
560 1804 674 1850 ἡμῶν.
728 1807 873 1852 Reliqua
895 1808 969 1852 pari
994 1809 1076 1842 vitio
1101 1811 1197 1844 labo-

66 1875 149 1900 rant.
198 1867 316 1901 Nihilo
347 1867 477 1900 saniora
507 1876 584 1900 sunt
617 1879 701 1912 quae
739 1868 895 1910 leguntur
931 1869 1010 1902 libri
1047 1870 1196 1917 ejusdem

68 1927 177 1973 capite
193 1928 214 1962 6
230 1954 239 1969 ,
262 1929 296 1961 in
320 1928 442 1973 quibus
466 1929 638 1962 hominem
664 1929 796 1962 divinae
822 1930 975 1972 imaginis
991 1932 1197 1975 dignitatem,

69 2003 145 2023 cum
169 1998 403 2034 procrearetur
425 2003 444 2023 a
469 1990 564 2031 Deo,
588 1991 755 2036 accepisse
779 1991 840 2033 ait;
864 1992 1091 2028 similitudinis
1114 2009 1196 2028 vero

69 2050 310 2096 perfectionem
334 2050 368 2083 in
393 2052 681 2085 consummatione
705 2062 884 2086 servatam:
914 2054 1120 2095 »Scilicet‚‹¹=
1148 2057 1197 2090 in-

70 2112 143 2157 quit
168 2125 258 2144 num.
285 2111 314 2145 1.
342 2120 403 2144 »ut
427 2112 498 2157 ipse
522 2113 584 2146 sibi
611 2127 682 2146 eam
705 2115 863 2159 propriae
882 2115 1063 2150 industriae
1079 2119 1197 2152 studiis

71 2187 108 2207 ex
129 2174 194 2205 Dei
212 2172 401 2205 imitatione
419 2174 647 2216 conscisceret,
666 2190 741 2209 cum
758 2178 788 2221 ¹)
806 2178 1028 2222 possibilitate
1045 2179 1109 2212 sibi
1123 2194 1198 2225 per·

166 2268 196 2312 ¹)
222 2268 306 2300 Edd.
333 2267 465 2301 Huetii:
494 2281 596 2300 »cum
623 2270 878 2314 possibilitatem
895 2271 958 2304 sibi
983 2273 1201 2316 perfectionis

75 2312 232 2346 divinitus
257 2313 366 2345 datam
391 2326 476 2357 per«
505 2322 566 2346 etc.
