1403 2492
357 106 670 138 OMGEMANORUM
702 101 813 133 Lusca
837 100 879 132 11.
1119 97 1182 132 169

56 209 159 242 quum
183 194 266 228 caris
291 203 324 227 et
349 192 558 238 complacitis
591 192 746 223 orbatur:
783 188 908 232 »Quod
933 187 1041 227 enim,
1063 187 1183 232 inquit,

54 258 125 291 sine
151 257 311 289 illiciente
337 268 450 288 amore
473 267 541 286 non
568 253 699 291 habuit,
731 251 801 283 sine
826 259 944 282 urente
969 250 1090 282 dolore
1112 262 1183 281 non

55 320 206 364 perdet.«
255 318 330 350 Hoc
355 329 490 362 quoque
513 317 588 358 igne
612 323 758 347 mortem
781 311 893 345 notari
924 311 1108 357 conjectat,
1131 324 1185 343 ec—

56 381 174 414 clesiae
198 379 468 425 persecutiones,
492 376 668 423 martyria3
706 389 744 408 ac
777 387 853 406 eum
885 373 1028 417 proinde
1058 374 1100 406 ab
1129 386 1185 406 ae—

57 450 153 474 terno
179 443 244 474 hoc
269 441 343 484 igne
369 440 558 482 distinguit,
598 439 632 471 in
664 450 765 483 quem
795 435 942 469 damnati
973 435 1096 469 Christi
1126 435 1184 468 de-

57 513 151 536 creto
183 503 339 536 mittendi
369 512 454 535 sunt.
516 503 560 533 At
600 500 686 532 illud
723 497 852 531 adverti
892 497 1033 529 omnino
1065 496 1185 529 velim:

59 565 160 597 »Post
183 564 276 597 istius
300 577 377 597 sane
403 563 554 608 corporis
577 571 733 601 mortem,
759 561 869 593 donec
893 559 935 591 ad
958 558 1056 591 illum
1075 559 1188 591 venia-

57 635 129 666 tur,
165 626 224 671 qui
255 635 333 670 post
361 625 644 658 resurrectionem
676 635 858 667 corporum
890 622 1022 653 futurus
1055 629 1105 652 est
1130 621 1187 653 da-

55 688 236 720 mnationis
260 696 293 720 et
316 686 595 719 remunerationis
618 686 757 718 ultimus
781 684 871 723 dies,
905 683 933 715 si
964 683 1028 715 hoc
1052 691 1186 727 tempo-

56 749 99 782 ris
123 749 302 782 intervallo
326 749 461 793 spiritus
479 749 716 780 defunctorum
742 745 908 791 ejusmodi
932 745 1042 787 ignem
1068 744 1185 777 dicun-

56 819 110 842 tur
132 811 275 855 perpeti,
301 823 400 854 quem
435 822 503 842 non
537 809 681 842 sentiant
711 809 777 848 illi,
808 809 866 852 qui
896 819 966 839 non
997 807 1186 839 habuerunt

56 875 136 904 tales
160 885 270 915 mores
304 882 336 904 et
369 885 499 904 amores
532 871 565 903 in
590 870 688 916 hujus
714 870 865 914 corporis
891 870 974 908 vita,
1004 877 1042 900 ut
1066 880 1185 900 eorum

58 934 154 975 ligna,
179 943 212 966 et
235 934 393 973 foenum,
427 943 460 966 et
482 933 606 978 stipula
631 941 886 965 consumantur:
920 929 978 962 alii
1008 943 1088 962 vero
1113 942 1187 962 sen-

57 995 158 1035 tiant,
189 995 246 1040 qui
279 995 445 1041 ejusmodi
469 1008 583 1028 secum
608 994 760 1026 aedificia
784 1001 1022 1037 portaverunt3
1045 992 1114 1024 sive
1140 991 1187 1023 ibi

56 1066 194 1096 tantum.
219 1057 288 1089 sive
313 1066 346 1090 et
369 1057 425 1089 hic
450 1065 484 1088 et
506 1056 566 1096 ibi,
589 1056 657 1088 sive
681 1055 760 1087 ideo
785 1054 840 1087 hic
869 1063 907 1087 ut
936 1067 1006 1086 non
1029 1053 1095 1092 ibi,
1118 1066 1188 1086 sae—

57 1118 201 1157 cularia,
237 1119 386 1162 quamvis
425 1131 442 1150 a
484 1117 697 1150 damnatione
735 1116 877 1149 venialia
917 1125 1187 1148 concremantem

56 1179 167 1221 ignem
198 1179 410 1212 transitoriae
438 1179 667 1211 tribulationis
696 1177 883 1217 inveniant,
913 1190 982 1209 non
1012 1178 1188 1219 redarguo,

58 1241 137 1286 quia
160 1241 300 1274 forsitan
326 1253 442 1273 verum
467 1251 546 1273 est.«
594 1241 665 1272 Nec
697 1239 803 1271 levius
833 1240 867 1271 in
898 1238 1023 1280 graecis
1046 1239 1190 1284 scripto-

58 1304 150 1336 ribus
175 1303 325 1348 positum
349 1302 489 1344 Origeni
509 1301 714 1346 praesidium
739 1310 805 1334 est:
829 1300 931 1333 Philo
946 1300 980 1332 in
998 1300 1087 1333 libro
1104 1303 1187 1345 περὶ

58 1367 119 1408 τῆς
143 1368 193 1405 εἰς
215 1365 258 1399 τὰ
289 1363 594 1410 προπαιδεύλιιαῑα
627 1362 804 1397 συνόδου·
858 1361 933 1405 Τὴν
965 1359 1096 1397 τ’ἱδικον
1126 1367 1186 1396 καὶ

59 1424 172 1462 ἄθεον
198 1425 322 1472 ψυχὴν
347 1426 570 1471 φυγαδεύων
601 1425 663 1470 ἀφ’
696 1425 825 1459 ἑαυτοῦ
859 1423 1077 1471 πορῥωτάτω
1110 1426 1185 1459 διέ-

58 1501 205 1535 σπειρεν
229 1492 277 1526 εἰς
309 1488 372 1522 τὸν
403 1487 549 1531 ἡδονῶν
579 1491 639 1521 καὶ
672 1488 881 1530 ἐπιθυμιῶν
909 1489 969 1519 καὶ
1002 1487 1187 1531 ἀδικημά-

57 1563 130 1586 των
149 1553 285 1596 χῶρον.
330 1549 367 1584 ‘0
397 1552 437 1584 δὲ
465 1553 586 1595 χῶρος
619 1543 722 1588 οὗτος
746 1553 1022 1594 πρυςᾳιυέστατα
1047 1549 1188 1588 ἀσεβῶν

59 1617 228 1653 καλεῖται,
253 1612 318 1658 οὐχ
345 1611 362 1646 ὁ
385 1611 638 1657 μυθευόμενος
662 1611 702 1645 ἐν
726 1609 838 1655 ᾅδου·
872 1614 931 1644 καὶ
958 1611 1028 1656 γὰρ
1054 1609 1072 1644 ὁ
1098 1609 1190 1656 πρὸς

59 1675 234 1719 ἀλήθειαν
258 1673 357 1719 ᾅδης,
384 1674 402 1709 ὁ
424 1677 487 1709 τοί
510 1674 703 1718 μοχθηροῦ
726 1675 806 1716 βίος
828 1673 943 1712 ἐστὶν,
963 1670 980 1706 ὁ
1008 1670 1187 1719 ἀλάστωρ,

57 1740 118 1771 καὶ
141 1740 384 1781 παλαμναῖος,
408 1738 467 1769 καὶ
493 1733 626 1773 πάσαις
649 1727 752 1778 ἀραῖς
783 1735 917 1778 ἔνοχος.
974 1733 1189 1778 Corporeum

58 1811 192 1844 quoque
216 1806 314 1840 negat
345 1810 414 1830 esse
444 1796 613 1829 infernum
645 1794 785 1836 Gregor.
839 1796 1007 1841 Nyssenus
1040 1796 1113 1828 libr.
1134 1797 1189 1835 >de

60 1860 168 1892 anima
193 1869 226 1892 et
254 1859 516 1897 resurrectione,
558 1857 845 1902 quemadmodum
878 1856 987 1897 ignem
1017 1868 1189 1891 aeternum

61 1922 199 1954 materia
230 1931 381 1954 constare
416 1920 584 1953 inficiatur
618 1920 766 1952 Joannes
797 1919 1024 1951 Damascenus
1060 1919 1094 1951 in
1124 1920 1189 1953 fine

60 1983 138 2016 libri
165 1984 216 2015 lV.
243 1983 283 2015 de
309 1982 442 2015 orthod.
466 1982 553 2022 fide,
580 1980 673 2027 cujus
697 1990 807 2014 tamen
832 1981 1028 2012 sententiam
1054 1982 1190 2014 mollire

63 2054 203 2079 conatur
227 2045 261 2077 S.
287 2044 453 2084 Thomas,
485 2053 522 2075 ut
555 2053 603 2075 est
634 2043 724 2087 apud
755 2043 885 2075 Sixtum
917 2044 1101 2075 senensem
1132 2044 1190 2076 Bi-

61 2107 182 2140 blioth.
208 2106 265 2138 lib.
291 2106 332 2137 V.
358 2114 469 2138 annot.
496 2105 570 2139 141.
623 2105 737 2146 Ignem
769 2114 802 2137 et
834 2118 981 2136 vermem
1021 2105 1053 2137 in
1085 2106 1190 2138 scele-

60 2183 134 2202 rum
173 2167 336 2201 memoria
376 2167 472 2211 ponit
506 2167 781 2212 Theophylactus
817 2165 851 2198 in
885 2179 954 2210 cap.
987 2167 1047 2199 lX.
1085 2167 1188 2200 Marc.

61 2231 208 2273 Σκώληξ
233 2232 271 2264 δὲ
297 2232 356 2264 καὶ
380 2231 455 2273 πῦρ
481 2227 675 2269 κολάζοντα
690 2229 771 2267 τοὺς
784 2227 1028 2273 ἁμαρτωλοὺς,
1052 2228 1072 2271 ἠ
1098 2241 1188 2263 συν-

62 2294 194 2336 είδησίς
218 2292 314 2326 ἔστιν
340 2290 511 2333 ἑκάστοις
546 2294 605 2325 καὶ
642 2291 659 2333 ἡ
693 2290 817 2336 μνήμη
852 2292 922 2325 τῶν
955 2293 1191 2336 πραχθέντων
