1403 2492
186 104 254 140 240
526 102 639 137 Pin-m
663 102 834 137 Dimms
859 103 992 139 Humn
1009 110 1014 121 ³

187 193 361 240 Aegyptiis
385 192 557 234 instructi,
588 195 753 226 mundum
786 194 922 239 quidem
945 195 1241 241 incorruptibilem
1265 210 1323 230 au-

185 257 380 295 tumabant,
402 255 461 287 sed
485 254 650 288 sideribus
675 265 754 300 post
779 255 900 298 longos
925 257 1093 291 anfractus
1116 258 1322 292 adwaindem

185 318 367 352 stationem
393 317 549 358 reversis,
580 330 711 350 rursum
745 327 904 350 eventura
938 319 1075 360 eadem,
1107 320 1323 366 eosdemque

185 379 372 413 nascituros
386 378 550 419 homines,
578 388 609 412 et
628 379 659 411 in
678 378 853 423 pristinam
872 380 1016 413 sormam
1032 381 1179 415 reditura
1198 382 1324 418 omnia.

184 455 284 487 quam
309 440 413 473 simili
437 440 567 482 vigente
593 450 757 487 astrorum
776 441 947 486 positione
966 452 1154 477 tenuerunt.
1196 444 1326 488 Quam-

185 506 234 537 vis
269 512 381 536 autem
418 503 584 548 ejusmodi
621 502 840 536 delirationes
877 503 965 537 libro
999 505 1038 552 Y.
1076 516 1193 539 contra
1233 506 1322 540 Cels.

184 579 275 599 num.
299 566 353 600 20.
377 565 434 600 21.
467 575 499 598 et
523 578 590 610 seq.
626 565 809 609 exploserit
844 566 1078 608 Adamantius,
1118 581 1183 613 pro
1219 582 1260 602 eo
1285 582 1324 602 ae

182 628 319 668 debuit;
355 627 576 660 nibilominus
617 636 728 659 tamen
767 641 805 660 ex
842 628 891 661 his
921 629 1064 662 recoctis
1101 643 1199 662 suum
1235 631 1322 664 illud

181 689 379 736 procudisse
397 690 519 732 dogma
536 690 741 739 censueri1n3
757 691 941 723 accedente
958 691 1157 735 praesertim
1175 693 1321 735 gemino,

183 765 284 797 quem
310 751 524 784 recitavimus
549 764 648 796 supra
683 752 888 792 Salomonis,
929 762 962 784 et
997 753 1103 786 Isaiae
1139 754 1240 795 loco,
1280 756 1322 788 ad

183 827 283 859 quem
308 813 390 846 salsa
415 812 694 857 interpretatione
714 814 885 846 detortum
903 814 1123 858 interpolatas
1147 815 1223 849 illas
1247 817 1323 862 phi-

180 876 404 921 losophorum
440 875 618 919 opiniones
651 863 865 908 concinnavit
896 877 971 909 libr.
998 877 1060 910 Ill.
1091 881 1174 924 περὶ
1198 879 1323 924 ἀρχῶν
1367 900 1371 904 -

180 951 251 984 cap.
278 939 308 973 5.
332 951 423 970 num.
450 938 480 971 3.

246 1001 286 1033 V.
312 999 459 1032 Minimo
477 998 561 1031 illud
576 998 713 1043 quidem
732 1000 868 1033 silentio
885 994 1036 1045 pressum
1049 1004 1165 1036 Patres
1180 1003 1320 1046 Origeni

181 1062 428 1101 condonarunt,
453 1074 530 1093 nam
555 1070 588 1093 et
612 1061 780 1094 refellitur
804 1075 821 1095 a
838 1063 1018 1095 Methodici
1044 1065 1132 1108 apud
1156 1065 1326 1098 Pliotium'

180 1124 266 1159 Cod.
290 1123 386 1164 235.,
424 1132 457 1155 ct
491 1118 532 1155 ab
564 1122 777 1170 Hieronymo
803 1124 901 1168 epist.
928 1125 981 1160 59.
1006 1126 1052 1158 ad>
1076 1126 1164 1159 Avit.
1190 1139 1262 1172 cap.
1286 1127 1319 1161 2.

178 1186 230 1218 his
257 1185 382 1218 verbis:
411 1186 469 1217 »ln
494 1185 643 1217 secundo
669 1194 781 1217 autem
806 1185 895 1218 libro
927 1187 1027 1232 (περὶ
1057 1187 1197 1233 ἀρχῶν)
1222 1201 1320 1222 mun-

179 1247 240 1280 dos
264 1247 381 1280 asserit
404 1247 684 1287 innumerabiles,
718 1260 787 1279 non
811 1247 903 1294 juxta
927 1248 1115 1293 Epicurum
1139 1263 1208 1284 uno
1233 1259 1320 1283 tem-

176 1322 262 1354 pore
285 1309 453 1354 plurimos
479 1318 512 1341 et
531 1309 582 1341 sui
600 1308 738 1350 similes,
762 1310 821 1342 sed
836 1319 914 1354 post
929 1310 1066 1344 alterius
1079 1313 1197 1345 mundi
1214 1313 1317 1346 finem

177 1372 315 1404 alterius
342 1384 412 1404 esse
436 1371 662 1416 principium:
689 1380 723 1404 et
748 1381 824 1404 ante
849 1373 938 1405 hunc
961 1382 1115 1407 nostrum
1139 1375 1317 1415 mundum,

177 1433 283 1466 alium
310 1434 410 1466 fuisse
435 1434 619 1465 mundum:
651 1442 683 1465 et
714 1443 791 1478 post
814 1434 903 1467 hunc
928 1435 1032 1468 alium
1058 1448 1128 1469 esse
1153 1437 1317 1477 futurum,

177 1505 211 1528 et
234 1504 313 1540 post
344 1495 442 1527 illum
478 1495 597 1534 alium,
633 1508 832 1540 rursumque
865 1506 1015 1529 caeteros
1045 1507 1125 1542 post
1155 1508 1316 1534 caeteros.

174 1557 219 1590 Et
243 1557 384 1597 dubitat,
409 1566 523 1589 utrum
551 1559 683 1590 futurus
708 1558 751 1590 sit
775 1559 920 1590 mundus
943 1558 1038 1590 alteri
1054 1560 1182 1592 mundo
1207 1560 1252 1592 ita
1277 1573 1316 1593 ex

176 1619 270 1652 omni
295 1629 390 1664 parte
416 1619 685 1659 consimilishut
718 1619 814 1652 nullo
847 1619 935 1652 iuter
963 1632 997 1652 se
1031 1620 1155 1654 distare
1180 1621 1316 1655 videan-

176 1691 249 1723 tur;
273 1695 314 1714 an
340 1691 429 1714 ccrte
454 1694 624 1725 nunquam
650 1682 793 1713 mundus
819 1681 917 1714 alteri
941 1682 1068 1714 mundo
1102 1695 1139 1715 ex
1166 1693 1240 1716 toto
1266 1684 1316 1716 in-

176 1742 350 1783 discretus,
377 1753 408 1775 et
433 1743 553 1776 similis
577 1742 619 1775 sit
643 1743 806 1788 futurus3«
858 1743 938 1775 Mox
963 1744 1102 1776 adducit
1121 1745 1220 1777 verba
1236 1745 1315 1779 Ori-

174 1805 284 1847 genis:
313 1805 376 1838 »Et
397 1807 426 1849 ¹)
453 1805 580 1838 idcirco
606 1805 753 1837 arbitror
776 1819 839 1850 pro
866 1806 1025 1838 varietate
1051 1818 1239 1838 caussarum
1264 1807 1315 1839 di-

173 1880 288 1900 versos
313 1868 457 1900 mundos
481 1867 573 1908 sieri3
606 1876 638 1899 et
674 1867 754 1900 elidi
783 1880 913 1899 errores
939 1879 1079 1906 eorum,
1105 1867 1161 1912 qui
1187 1867 1314 1901 similes

174 1928 225 1962 sui
250 1930 395 1962 mundos
421 1942 490 1962 esse
516 1930 755 1962 contendunt.«
798 1927 937 1961 Tradita
960 1928 1062 1961 fuisse
1089 1929 1171 1962 haec
1195 1929 1312 1963 eadem

174 1992 216 2023 ab
241 1991 390 2034 Origene
423 1991 496 2023 libr.
523 1992 549 2024 1.
577 2000 609 2022 et
633 1991 693 2023 111.
728 1993 810 2035 περὶ
837 1983 978 2035 ἄρχιῦν,
1014 1990 1117 2023 refert
1141 1991 1310 2038 Hierony-

174 2066 250 2086 mus
277 2066 348 2098 cap.
376 2054 405 2087 1.
432 2063 464 2085 et
488 2053 518 2088 3.
547 2051 695 2097 ejusdem
723 2052 904 2097 epistol-‘1233
934 2053 1154 2096 quamobrem
1174 2054 1312 2086 etlmne

175 2114 209 2146 in
235 2114 361 2147 crimen
380 2124 478 2147 vocat
494 2113 637 2159 Apolog.
664 2114 739 2146 libr.
758 2115 784 2148 l.
812 2127 883 2158 cap.
898 2115 940 2155 5.,
968 2124 1001 2146 et
1027 2113 1100 2146 libr.
1120 2115 1162 2147 ll.
1188 2127 1261 2160 cap.
1277 2114 1308 2150 3.

174 2176 380 2209 Justinianus
406 2189 542 2221 quoque
565 2175 599 2208 in
626 2175 720 2220 epist.
746 2177 787 2209 ad
811 2177 948 2210 Menam
972 2176 1018 2208 ita
1038 2175 1170 2209 scribit:
1193 2175 1308 2210 ‘Yno-

273 2298 305 2341 ¹)
332 2299 402 2334 (Ἰν.
431 2299 486 2333 tib.
514 2301 555 2333 11.
585 2303 664 2345 περὶ
691 2300 815 2345 ἀρχῶν
840 2313 910 2344 cap.
938 2300 967 2334 1.
992 2313 1083 2332 num·
1107 2298 1139 2333 3.
