1403 2492
389 97 705 132 OmczmAuonum
727 96 843 130 Lumn
867 95 909 130 ΙΙ.
1139 96 1206 134 243

164 189 250 234 1d¹)
296 188 361 233 ipsi
404 187 566 233 objiciunt
606 185 805 220 Methodius
846 185 936 231 apud
975 183 1204 230 Epiphaniam

75 250 175 284 Harr.
198 250 253 284 64.
278 263 349 294 cap.
374 249 439 289 47.,
463 257 496 280 et
518 246 678 280 Photium
703 247 789 281 Cod.
811 247 908 287 234„
942 246 1135 280 Eustathius
1161 248 1204 281 de

74 311 356 357 Engastrimytho,
379 310 451 354 ipse
474 307 682 353 Epiphanius
709 309 808 353 capit.
831 308 863 342 4.
897 307 1047 354 ejusdem
1079 309 1204 342 Haere-

75 386 170 413 scos,
205 372 295 405 etin
332 374 503 404 Ancorato
541 383 614 414 cap.
639 371 710 412 54.;
749 370 872 414 quibus
902 370 986 402 locis
1023 370 1206 403 ostendunt

77 434 273 479 opinionem
298 446 389 466 suam
414 433 560 464 firmasse
586 430 767 473 Origenem
791 432 856 464 hoc
883 431 983 464 Pauli
1006 430 1203 464 testimonio

77 497 108 529 ll
135 495 213 528 Cor.
229 496 309 534 ΧΗ,
333 494 364 528 2.
390 494 420 528 3.
447 494 492 534 4.,
514 492 572 525 ubi
595 503 729 538 raptum
753 505 788 525 sc
812 493 914 525 fuisse
938 493 984 525 ait
1008 492 1041 525 in
1065 492 1205 525 tertium

77 558 222 596 coelum,
247 567 280 590 et
303 557 337 589 in
362 555 573 597 Paradisum;
603 568 642 587 ex
679 568 788 600 eoque
819 554 994 596 collegisse
1019 555 1109 589 idem
1135 567 1206 588 esse

76 619 270 652 Paradisum
295 631 332 650 ac
356 617 491 649 tertium
517 616 666 649 coelum:
692 617 783 661 quod
807 625 926 658 negant
952 616 1149 649 Methodius
1174 625 1207 650 ct

76 680 302 725 Epiphanius,
326 677 521 712 Paradisum
546 690 564 709 a
587 678 689 710 tertio
716 678 813 711 coelo
839 677 1112 719 distinguendum
1136 690 1207 710 esse

77 750 268 774 asserentes.
317 740 424 784 »Quis
449 739 571 779 audiat,
596 739 704 784 inquit
722 739 802 772 alibi
816 738 1025 784 Epiphanius
1049 738 1083 771 in
1109 739 1206 784 epist.

76 804 118 836 ad
141 803 259 836 Joann.
284 801 512 847 Hierosolym.
539 814 609 845 cap.
634 801 684 841 3.,
716 801 750 833 in
774 800 874 833 tertio
901 800 1000 832 coelo
1024 800 1207 834 donantem

77 864 176 897 nobis
207 864 389 906 Origenem
420 863 634 902 Paradisum,
673 871 707 894 et
740 862 857 903 illum,
898 874 998 905 quem
1033 861 1208 906 Scriptura

78 922 339 965 commemorat,
379 925 420 957 de
457 933 544 957 terra
580 924 622 956 ad
662 923 821 956 coelestia
860 923 1136 964 transferentem,
1175 931 1209 956 et

79 1000 195 1021 omnes
218 988 366 1027 arbores,
389 999 474 1031 quae
497 985 691 1019 scribuntur
720 984 754 1017 in
778 983 920 1024 Genesi,
950 983 998 1017 sic
1028 984 1209 1026 allegorice

77 1049 335 1091 intelligentem,
359 1048 452 1093 quod
474 1047 604 1081 scilicet
626 1047 763 1079 arbores
793 1045 962 1087 angelicae
993 1045 1209 1080 fortitudines

78 1120 174 1151 sunt,
208 1123 285 1143 cum
316 1110 383 1142 hoc
416 1111 536 1142 veritas
571 1121 640 1141 non
663 1106 855 1151 recipiat?«
888 1106 933 1139 Et
955 1115 1091 1150 postea:
1117 1108 1208 1142 »Sed

81 1172 181 1205 dicis:
206 1171 371 1214 Legimus,
397 1171 491 1215 quod
517 1171 552 1204 S.
576 1169 702 1202 Paulus
731 1176 846 1212 raptus
875 1167 919 1200 sit
947 1180 1053 1212 usque
1078 1168 1120 1201 ad
1142 1177 1209 1202 ter-

177 1315 207 1359 ¹)
233 1315 327 1348 Idem
355 1314 472 1359 objicit
497 1324 530 1346 et
555 1314 785 1359 Chrysostom.
810 1311 938 1345 Homil.
963 1312 1058 1344 XIII.
1083 1312 1116 1344 in
1141 1311 1209 1345 Ge-

80 1384 149 1406 nes.
176 1373 279 1406 Tom.
305 1371 360 1403 IV.
384 1383 491 1403 novae
517 1369 674 1402 editionis
699 1381 770 1413 pag.
794 1367 869 1402 10⁶2.
895 1376 928 1399 et
954 1367 1039 1408 103„
1063 1368 1123 1400 ubi
1147 1369 1210 1402 ait:

82 1429 179 1462 »Hoc
204 1428 281 1460 loco
306 1427 435 1459 illud:«
464 1424 734 1470 »»plantavit:««
764 1424 830 1456 „sic
854 1423 1125 1465 intelligendum,
1149 1424 1212 1457 scia

81 1486 161 1518 licet
190 1484 299 1528 ipsum
339 1483 539 1525 imperasse,
577 1489 614 1512 ut
648 1479 821 1524 paradisus
851 1478 885 1511 in
915 1487 1005 1511 terra
1042 1480 1209 1514 fieret....

81 1541 165 1573 Ideo
193 1539 292 1571 etiam
317 1538 386 1570 loci
409 1549 535 1569 nomen
558 1537 659 1568 affert
682 1536 797 1568 BIoses
822 1534 856 1566 in
881 1534 1085 1579 scripturis,
1109 1545 1146 1568 ut
1170 1549 1211 1569 ne

81 1596 199 1629 liceret
221 1595 342 1627 frustra
366 1593 482 1635 nugari
506 1592 698 1624 volentibus
721 1590 967 1635 simpliciorum
993 1591 1128 1623 auribus
1151 1591 1213 1624 im-

81 1664 226 1698 ponere,
260 1651 439 1693 dicereque
469 1662 537 1680 non
570 1662 640 1681 esse
666 1648 698 1680 in
730 1657 816 1680 terra
848 1647 1056 1691 paradisum,
1086 1648 1146 1680 sed
1176 1648 1212 1680 in

82 1708 193 1746 coelo,
220 1716 253 1739 et
278 1706 406 1738 fabulas
429 1703 623 1749 hujusmodi
653 1703 831 1736 somniare.
877 1704 963 1735 Nam
995 1702 1021 1735 si
1053 1717 1129 1736 cum
1164 1705 1216 1737 di-

83 1764 158 1796 vina
190 1761 363 1805 Scriptura
397 1769 485 1792 tanta
514 1773 573 1792 usa
604 1760 645 1792 sit
675 1760 856 1790 verborum
883 1757 1116 1799 accuratione,
1145 1772 1215 1792 non

85 1818 279 1852 dubitarunt
310 1826 420 1849 tamen
455 1816 591 1860 quidam
624 1817 665 1848 de
698 1813 853 1846 facundia
884 1825 960 1852 sua,
992 1826 1055 1846 nec
1079 1827 1146 1850 non
1171 1816 1213 1847 (le

83 1872 299 1920 philosophia
325 1871 453 1904 exotica
477 1871 581 1904 altum
599 1871 776 1916 sapientes,
801 1869 936 1901 adversa
955 1868 1136 1913 S‘tzripturis
1161 1871 1214 1902 lo-

86 1931 154 1975 qui,
180 1939 212 1962 et
237 1928 348 1960 dicere
371 1927 561 1972 paradisum
588 1927 621 1959 in
647 1937 733 1959 terra
751 1939 819 1957 non
845 1937 925 1964 esse,
950 1924 1123 1969 multaque
1148 1926 1213 1959 alia

85 1995 219 2031 praeter
243 1997 290 2024 ea,
316 1996 398 2029 quae
417 1983 503 2015 dicta
523 1992 608 2024 sunt,
634 1983 841 2026 adoptantes,
867 1989 982 2012 contra
1005 1981 1215 2025 Scripturam

86 2040 220 2079 sentire,
245 2049 277 2072 et
302 2040 472 2072 adversam
497 2048 610 2071 tenere
634 2038 733 2078 viam,
758 2047 856 2082 atque
882 2049 928 2078 ca,
954 2048 1037 2079 quae
1063 2037 1104 2068 de
1129 2046 1216 2071 terra

88 2098 177 2130 dicta
202 2104 287 2135 sunt,
316 2096 356 2127 de
383 2094 486 2127 coelis
517 2095 605 2126 dicta
632 2103 769 2138 putare,
794 2093 856 2125 nisi
881 2092 1002 2124 humili
1027 2093 1084 2125 illa
1111 2103 1144 2126 et
1167 2104 1216 2127 at-

89 2161 273 2196 temperata
315 2153 494 2183 verborum
524 2150 653 2182 ratione
686 2163 763 2182 usus
794 2150 907 2182 Moses
944 2158 1046 2187 esset,
1085 2150 1216 2194 Spiritu

88 2219 202 2243 sancto
227 2208 372 2252 linguam
406 2206 475 2252 ejus
504 2215 681 2249 movente,
710 2218 777 2250 quo
809 2217 877 2238 non
910 2204 1062 2238 devoluti
1088 2205 1219 2239 essent?

89 2266 231 2299 Ruaeus.
1006 2263 1009 2265 ’

948 2322 987 2355 10
